2742 4684
192 341 272 421 444
348 285 396 348 '.
548 316 613 396 nx
632 318 911 396 'meantem

193 517 443 625 experientia,
481 522 558 599 sive
587 525 930 631 quomodocunque
960 522 1022 615 sit,
1069 526 1297 625 nunquan

135 642 138 646 ’
175 633 399 709 dubitabit,
426 629 544 701 ansol
561 628 703 720 maior.v
725 646 791 701 ent
808 633 934 700 minor
949 627 1002 710 stt,
1030 642 1285 733 qnam‘appa·

81 771 86 784 ¹
176 743 261 812 'tet
313 734 406 808 inde
427 728 565 805 Rustici
595 727 718 825 paffim
757 734 957 813 mitantur,
993 758 1084 806 'curn
1111 738 1285 809 andiunt

191 839 317 915 solem.
334 838 457 909 multo
479 833 658 927 majorem
690 832 928 929 esse,¹1quam
958 838 1114 927 globum
1138 856 1279 921 terrae.

190 944 252 1019 sed
273 938 524 1037 ⁸),cogitendo
548 941 594 1008 de
615 936 762 1009 fallacia
786 937 956 1010 sensuum
980 942 1099 1010 oritur
1123 940 1282 1017 dubite-

53 1028 60 1049 ¹
83 1067 91 1077 ·
191 1047 275 1123 tio,·
293 1041 332 1115 et
347 1041 374 1113 st
389 1044 472 1136 quie
490 1037 571 1137 post
588 1040 860 1111 dubitationem
886 1040 1119 1138 acquisiverit
1139 1066 1279 1120 verant

52 1195 57 1204 ‹
192 1147 451 1239 cognitionem
469 1144 661 1230 sensnum,
698 1161 734 1213 et
757 1146 949 1237 quomodo
969 1170 1037 1239 pet
1060 1150 1279 1221 acrumin-

190 1247 392 1325 strttmente
414 1270 473 1319 ree
498 1245 544 1319 ed
567 1242 777 1319 distantiam
808 1248 1144 1341 repraesententur,
1185 1266 1276 1324 tntn

125 1377 134 1394 2
190 1352 382 1441 dubitatio
399 1352 535 1421 iterum
554 1350 714 1426 tollitur.
767 1350 874 1419 Unde
891 1350 1072 1447 sequitur,
1097 1376 1176 1425 noe
1185 1377 1275 1427 non

190 1454 293 1553 posse
318 1476 425 1526 verae
447 1453 550 1524 ideae
571 1451 613 1523 in
637 1452 795 1522 dubium
811 1460 954 1527 ancare'
975 1480 1023 1525 ex
1047 1478 1112 1544 en,
1165 1456 1275 1551 qnod

190 1557 291 1632 forte
307 1556 441 1649 aliquia
461 1560 561 1626 Deua
579 1557 753 1651 deceptor
768 1552 906 1643 exisset,
933 1558 999 1651 qui
1016 1560 1074 1629 ves
1091 1561 1131 1629 in
1148 1558 1284 1631 maxi·-

189 1685 256 1736 rne
270 1659 381 1753 certis
395 1680 467 1729 noe
483 1654 600 1746 sassit,
632 1656 702 1728 nisi
727 1660 908 1754 quamdiu
922 1661 1066 1733 nuliam
1085 1658 1272 1734 babemue

190 1766 330 1838 darem
355 1778 393 1833 et
416 1756 628 1832 distinctam
646 1759 789 1851 ideam,
816 1762 890 1834 hoc
905 1758 966 1839 esi.
993 1760 1273 1839 statundamur

190 1868 240 1939 ed
257 1863 536 1960 cognitionem,
569 1886 679 1958 qnam
704 1866 750 1935 de
774 1864 919 1959 origine
947 1868 1120 1939 omnium
1143 1866 1272 1941 rerntn'

191 1968 395 2057 habenae,
435 1984 471 2041 et
486 1964 585 2037 nibil
601 1966 859 2046 inveniamne,
901 1969 1001 2063 quod
1026 1992 1095 2040 noa
1122 1969 1269 2051 doceat.

191 2092 281 2146 eum
309 2065 403 2141 non
420 2066 490 2141 esse
520 2070 757 2166 deceptorem
789 2070 918 2142 eadem
946 2071 1011 2143 issa
1037 2074 1270 2169 cognitione,

189 2198 284 2270 qna,
314 2196 399 2244 cum
415 2171 643 2244 attendimus
659 2174 706 2244 ad
729 2190 897 2245 naturam
924 2174 1123 2271 trianguli,
1162 2174 1269 2251 inre-

169 2343 172 2350 .
191 2277 324 2351 nimae
337 2276 419 2365 eine
434 2290 509 2347 tree
524 2276 683 2371 angulos
701 2278 871 2373 aequales
888 2274 957 2349 esse
973 2278 1120 2351 dnobue
1135 2280 1267 2366 rectior

190 2378 256 2453 sed
278 2376 306 2451 si
329 2379 442 2451 talem
473 2379 729 2473 cognitionem
762 2378 834 2451 Dei
866 2380 1066 2465 habentne,
1115 2382 1266 2475 qualem

190 2484 374 2555 habentne
395 2480 593 2575 trianguli,
633 2498 714 2552 tum
739 2484 864 2554 omnia
897 2482 1082 2555 dubitatio
1104 2482 1266 2560 tollitur.

12 2638 22 2647 -
156 2652 162 2664 ,
190 2589 241 2659 Et
261 2587 394 2657 eodem
410 2584 546 2671 modo,
572 2608 650 2678 quo
667 2580 858 2680 possuntne
876 2585 1070 2681 pervenire
1085 2586 1131 2659 ed
1154 2587 1268 2660 talem

32 2722 41 2764 γ
192 2688 451 2785 cognitionem
473 2686 672 2785 trianguli.
698 2688 868 2784 quamvis
885 2712 963 2760 non
982 2706 1081 2761 certo
1099 2688 1268 2780 sommus,

51 2863 54 2868 ,
191 2814 240 2865 an
256 2792 392 2884 aliquia
415 2790 582 2861 snmmne
602 2790 777 2883 deceptor
799 2814 871 2862 noe
894 2790 1019 2869 saliat.
1056 2792 1188 2863 eodem
1206 2794 1270 2865 eti·

78 2899 80 2903 '
191 2894 385 2968 ammodo
400 2888 590 2985 possumne
605 2894 801 2988 pervenire
817 2895 861 2965 ad
879 2896 989 2966 talem
1000 2894 1074 2967 Dei
1088 2896 1269 2993 cognitio·

188 3015 301 3080 nent,
327 2994 501 3088 quamvis
527 3016 607 3065 non
632 3014 734 3067 certo
766 2995 941 3085 sciamus,
983 3022 1030 3069 an
1056 2998 1163 3093 detur
1185 2996 1269 3093 quit

190 3096 359 3171 summae
374 3096 568 3190 deceptor,
594 3112 650 3183 et,
675 3098 792 3171 modo
817 3124 898 3170 eam
915 3096 1137 3179 habeantne,
1171 3096 1267 3171 suffi-

190 3200 264 3278 ciet
278 3200 325 3269 ad
345 3198 573 3285 tollendam,
599 3201 656 3272 uti
671 3198 771 3287 dixi,
805 3226 957 3275 omnam
986 3202 1266 3291 dubitationem,

190 3326 304 3399 quam
327 3300 374 3381 da
396 3302 490 3373 ideie
513 3301 623 3375 clarit
656 3318 693 3375 et
717 3300 899 3377 distinctis
917 3306 1050 3377 babere
1065 3304 1264 3401 possumne·

188 3412 309 3480 Porro
325 3402 442 3500 siquie
458 3423 557 3476 reete
570 3406 1027 3504 procedatinvesiigandm
1055 3404 1151 3504 quae
1168 3410 1265 3504 priua

189 3510 276 3580 sunt
298 3501 573 3604 investiganda,
599 3511 707 3582 ntrisa
730 3512 935 3607 interrupta
960 3511 1266 3585 concatenatione

187 3634 338 3695 rerum,
368 3627 405 3681 et
421 3608 528 3699 suat,
568 3612 762 3708 quomodo
789 3612 1022 3709 quaestionee
1051 3611 1122 3691 sint
1154 3614 1266 3687 deter-

188 3714 409 3793 minandae,
434 3716 698 3811 antequamad
715 3740 842 3787 aarum
866 3716 1127 3815 cognitionem
1148 3716 1265 3791 acciu·

188 3841 342 3916 gomor,
367 3840 562 3911 nunquam
578 3814 646 3889 nist
666 3814 876 3893 certissimae
898 3822 1018 3910 ideas,
1034 3820 1084 3893 ‘id
1101 3814 1171 3911 esi,
1197 3819 1265 3895 cst·

133 3987 135 3990 .
188 3945 249 3993 rae
274 3937 313 3993 et
330 3916 692 4011 distinctaebabebit
730 3928 828 3995 Nam
845 3922 1031 3996 dubitatio
1049 3922 1149 3994 nihii
1168 3916 1266 3997 aliud

145 4105 150 4117 ι
190 4016 258 4110 esi,
281 4044 411 4121 »quam
428 4020 612 4119 suspendo
629 4022 750 4097 animi
763 4026 1041 4123 circnnliqna'm
1059 4020 1267 4101 affirmatio·

139 4128 149 4157 ’
832 4131 833 4134 ‘
1166 4150 1265 4217 nen,
1343 4138 1352 4151 ³

122 4324 126 4331 ·
221 4306 378 4452 aaa·
480 4263 1075 4460 arianimirum
1096 4312 1148 4373 ¹¹0·
1170 4324 1273 4373 ‘n
