2742 4684
307 292 324 357 ·’
414 310 479 383 De
506 314 814 397 Aurirocatru.
842 254 848 271 Ι
1075 298 1151 415 3¹65

62 535 112 595 et
132 518 180 593 in'
193 528 290 607 tres,
308 532 382 592 unt
393 512 575 614 quatuor,
601 501 667 592 aut
681 520 872 619 quinque,
907 520 1050 608 [ittet.
1085 549 1152 607 aut
1194 528 1196 539 ’

64 640 257 723 quatuor,
283 636 349 693 aut
364 622 531 720 quinque
551 624 592 695 id
609 626 813 700 tenuerint.
865 628 935 699 Sed
957 648 1080 725 partes
1105 638 1166 707 eo'
1195 644 1210 698 t
1255 660 1265 677 ·

65 728 280 801 debiliores
303 742 431 816 erunt,
490 750 565 823 quo
587 727 631 797 in
653 728 780 821 plures
802 726 924 823 ipsum
948 733 1152 829 imperium

66 831 245 905 delatum
263 826 400 903 fuerit:
433 852 482 900 ex
497 851 574 925 quo
589 829 765 925 sequitur,
788 828 830 900 in
847 831 1153 927 imperioAristo·

67 934 233 1024 eratioo,
280 948 325 1003 ut
349 926 478 1004 flabile
506 929 569 1018 sit,
602 932 649 1003 ad
671 932 875 1005 minimum
902 941 1150 1023 Retrieiorum

67 1060 280 1112 numerum
303 1034 651 1123 determinandum,
694 1034 898 1107 necessario
937 1040 1150 1119 habendam
1183 1100 1187 1111 .
1221 1111 1224 1135 ,

69 1138 353 1243 οίῐοῃῑὶοιιοιιι
367 1136 641 1235 magnitudinis
655 1134 770 1233 ipsius
788 1139 948 1237 imperii.

179 1454 215 1545 ς.
240 1454 292 1529 ΙΙ.
342 1450 510 1524 Ponatur
530 1450 657 1548 itaque
679 1473 750 1547 pro
771 1450 973 1528 mediocria
996 1456 1148 1553 imperii

73 1554 345 1654 magnitudine
359 1554 446 1626 satir
465 1549 553 1642 ess'e,
580 1571 623 1625 ut
639 1572 791 1665 centum
810 1558 945 1651 optimi
960 1560 1035 1630 riri
1052 1562 1146 1633 deu-

73 1674 164 1746 tur,
187 1658 230 1730 in
245 1680 341 1754 quoa
357 1655 502 1730 summa
519 1648 670 1751 imperii
685 1652 843 1752 potestas
867 1658 987 1733 delata
1012 1660 1073 1751 fit,
1107 1678 1147 1735 et
1202 1728 1205 1739 .

76 1760 219 1861 quibua
242 1758 513 1857 consequenter
534 1759 594 1848 jur
613 1777 818 1855 competat,
844 1762 1016 1862 collegas
1032 1766 1147 1838 Patri·

76 1866 162 1937 eioa
177 1862 363 1963 eligendi,
397 1862 550 1960 qnando
574 1870 706 1935 eorum
723 1864 858 1961 aliquia
881 1865 959 1939 rita
985 1862 1146 1947 exceffit.

76 1969 134 2043 Hi
149 1965 235 2038 sane
252 1965 357 2037 omni
374 1966 491 2036 modo
508 1964 765 2051 conabuntur,
799 1984 842 2038 ut
873 1992 1002 2042 eorum
1019 1972 1146 2060 liben',

76 2072 143 2145 vel
162 2070 227 2167 qui
243 2068 292 2140 iis
309 2069 489 2167 sanguine
503 2069 670 2162 proximi
699 2068 804 2159 su'nt,
837 2068 906 2143 fibi
928 2072 1146 2146 succedant:
1271 2128 1274 2135 f

77 2171 184 2247 unde
221 2171 364 2244 summa
387 2172 539 2267 imperii
561 2166 720 2267 potestas
746 2172 888 2268 semper
921 2200 1037 2271 penes
1076 2199 1144 2251 eoo

76 2276 185 2367 erit,
233 2298 331 2373 quoa
363 2272 516 2347 fortuna
558 2276 725 2347 Patrioiia
766 2277 907 2351 liberor
950 2295 1015 2354 aut
1057 2304 1148 2351 eon·

75 2377 306 2478 sanguineos
329 2378 445 2450 dedit.
493 2381 545 2450 Et
560 2378 646 2476 quir
670 2404 718 2450 ex
736 2374 886 2453 centum
911 2380 1146 2471 hominibus,

76 2486 146 2583 qui
162 2480 336 2556 fortunae
352 2482 457 2570 causa
477 2482 522 2553 ad
538 2483 702 2554 honores
718 2480 937 2572 ascendunt,
979 2486 1046 2559 rix
1068 2502 1146 2559 tres

75 2588 331 2683 reperiuntur,
367 2585 432 2683 qui
457 2602 534 2657 arte
569 2602 606 2656 et
637 2582 800 2659 eonfitio
825 2588 973 2682 pollent
997 2589 1146 2687 vigent·

77 2714 173 2787 que,
205 2686 276 2763 fret
291 2711 400 2787 ergo,
426 2704 470 2760 ut
483 2688 637 2785 imperii
649 2684 807 2785 potestas
825 2714 906 2761 nou
927 2715 1043 2786 penes
1061 2714 1146 2767 cena

77 2809 183 2885 turn,
217 2791 277 2865 sed
300 2816 415 2891 penes
448 2792 545 2866 duos
569 2791 854 2881 tantummodo,
900 2811 964 2865 aut
987 2794 1062 2867 tres
1086 2792 1146 2883 tit,

75 2896 145 2995 qui
159 2894 278 2977 enimi
292 2897 432 2971 virtute
455 2896 620 2991 pollent,
652 2896 801 2993 'quique
816 2893 927 2971 facile
950 2920 1013 2969 orn
1043 2900 1078 2971 ia
1095 2898 1145 2971 arl

76 2998 301 3091 retrahent,
328 3018 365 3073 et
380 2998 635 3097 unusquisque
656 3024 763 3071 more
789 2988 975 3073 humanae
1002 2924 1146 3096 cipid-

74 3102 140 3177 uia
160 3100 264 3177 viam
287 3102 335 3175 ad
367 3101 631 3186 Monarchiani
653 3096 812 3177 sternere
840 3104 996 3198 poter-itt
1031 3122 1144 3202 atque

76 3205 190 3297 adeo,
231 3204 372 3300 fireete
397 3204 585 3277 altulum
602 3210 792 3297 ineamus,
831 3202 970 3281 neeess'e
996 3204 1066 3298 est,
1100 3226 1146 3281 ut

75 3306 221 3384 summe
235 3304 392 3405 potestas
411 3308 581 3404 imperii,
616 3306 723 3397 cujus
748 3309 1021 3405 magnitudinis
1045 3312 1143 3383 ratio

75 3410 516 3509 centumoptimatumad
526 3412 727 3482 minimum
737 3412 865 3509 exigit,
890 3414 1143 3509 inquinquiea

75 3513 183 3589 mille
198 3516 252 3590 ad.
264 3516 468 3589 minimum
484 3516 666 3590 Patricios
683 3512 885 3593 deferatur.
937 3513 1142 3589 Hao·enim

75 3616 221 3693 ratione
234 3643 430 3715 nunquam
450 3620 586 3708 deerit,
621 3616 716 3715 quin
741 3636 891 3691 centum
907 3619 1142 3715 reperiantur

76 3721 192 3795 animi
208 3722 350 3795 virtute
366 3722 612 3808 excellentes,
638 3717 760 3817 posito
779 3720 917 3794 scilicet
973 3720 1141 3825 quodqex

76 3826 368 3923 quinquaginta,
395 3824 461 3921 qui
486 3825 649 3897 honores
675 3825 867 3915 ambiunt,
901 3824 1037 3921 eosque
1060 3826 1142 3897 adi·

74 3928 285 4025 piscuntur,
328 3954 428 4001 unua
459 3926 601 4023 semper
633 3930 840 4021 reperiatur
873 3930 1027 4023 optimis
1057 3952 1140 4001 non
1215 3988 1222 3997 .

73 4028 250 4124 inferior,
291 4049 437 4131 praeter
464 4032 580 4123 alios,
629 4030 698 4127 qui
723 4031 955 4125 optimorum
979 4034 1140 4104 virtutes
1221 4110 1224 4117 Δ

75 4136 331 4227 aemulantur,
364 4134 506 4237 quique
531 4150 725 4235 propterea
749 4132 859 4235 digni
890 4136 1003 4209 etiam
1040 4136 1139 4226 sunt,

75 4238 297 4341 quiregrut.

967 4478 969 4481 -
1011 4456 1041 4533 t.
1070 4446 1133 4519 tn.
1167 4537 1171 4546 ¹
