2742 4684
243 515 502 618 coguitionem
530 517 687 601 unionis,
714 539 827 610 quom
852 539 951 588 tuens
967 541 1049 588 cum
1066 503 1147 588 toto
1163 546 1226 589 na·

125 669 217 723 tura
228 646 349 731 hebet,
367 640 434 716 fibi
450 644 638 714 adrerum
654 645 798 714 bonum
809 643 1099 741 intelligendum
1106 647 1227 720 neces·

126 781 267 852 sariam
284 770 354 846 ess's
371 771 615 866 perspexerat.
656 755 808 844 Vtinam
824 796 915 844 vero
931 771 977 842 ab
994 772 1071 866 ipsa
1086 775 1225 850 mentis

122 909 245 979 bttius
266 900 486 996 cognitione
503 899 706 971 obtinenda
723 900 913 972 scientiam
927 898 1117 996 incepisset
1138 902 1222 974 Phi·
1263 910 1267 919 ’

121 1035 329 1130 Iosephus,
376 1027 598 1100 secernendo
625 1026 780 1122 quidem
803 1053 864 1116 ea,
905 1053 998 1124 quae
1027 1029 1069 1102 in
1091 1047 1218 1104 mente

122 1163 189 1236 sua
218 1157 492 1232 variationibus
516 1155 682 1228 obnoxia
707 1155 1018 1248 deprehenderet,
1051 1159 1098 1232 ab
1119 1159 1216 1234 ideis

122 1287 338 1366 necessariis
363 1301 400 1356 et
423 1282 625 1372 universis,
650 1308 744 1381 quac
757 1285 1052 1358 hominiverum
1069 1288 1215 1359 bonum

123 1420 167 1490 in
201 1411 415 1514 castiganti,
441 1414 514 1484 hoc
538 1409 607 1501 eli,
631 1411 832 1508 practicam
854 1412 1039 1483 rationem
1058 1414 1215 1510 ejusque

124 1545 332 1620 dictamina
358 1541 525 1614 absoluta
550 1541 721 1614 secuturo
744 1540 935 1634 vitaeque,
951 1514 1036 1610 'non
1052 1542 1213 1634 prudeu-

119 1678 214 1748 tiam
229 1674 336 1744 illam
354 1667 462 1742 vanis
487 1695 528 1742 ac
550 1667 663 1742 fluxis
687 1665 972 1742 circumstantiis
990 1670 1209 1742 accomoda·
1325 1684 1357 1736 θ

118 1823 219 1889 tam,
245 1801 309 1873 led
331 1793 615 1873 sanctimoniam
637 1799 678 1886 in
695 1814 908 1888 aeternum,
940 1813 984 1868 ut
1006 1794 1208 1892 Apostolus
1276 1799 1280 1808 '

118 1906 174 2005 ait
189 1935 226 2026 (r
245 1931 330 2009 Joh.
351 1932 517 2022 c„17.)‚
534 1949 616 2000 non
631 1925 850 1998 mutandam
867 1921 1115 2000 lubentiffime
1130 1953 1206 2001 am.

116 2063 283 2159 plexuro
307 2041 511 2128 immotum
527 2058 631 2128 velut
654 2053 753 2126 lidus
767 2029 1002 2150 praelucent·
1025 2058 1115 2128 'Sed
1132 2058 1204 2130 alia

117 2206 200 2263 erat
224 2185 309 2278 aevi
332 2183 448 2282 illius
462 2185 676 2259 methodus.
730 2190 918 2279 Sempera
941 2169 1202 2279 metaphysicis

117 2310 396 2414 praestruendis
411 2312 564 2384 initium
592 2311 689 2392 fieri,
723 2310 935 2407 semper'w
964 2310 1045 2384 Esse
1074 2296 1203 2386 seium

114 2455 203 2516 ante
235 2437 307 2512 alia
337 2441 465 2514 omnia
485 2440 669 2546 ¹explicari
699 2441 853 2522 debere,
896 2442 1100 2522 inveterata
1124 2458 1202 2516 erat

114 2566 372 2649 consuetudo,
403 2570 445 2640 in
467 2561 668 2662 Spinozem
700 2594 893 2666 quoque-a
916 2565 1074 2642 Certefio
1100 2565 1201 2663 quali

112 2694 310 2768 amunta.
364 2697 481 2770 Ducit
495 2698 632 2786 mentis
649 2694 794 2773 nollrae
809 2698 976 2795 cognitio
991 2694 1199 2769 necessariis
1213 2738 1216 2750 ·
1299 2778 1302 2791 Ι

112 2825 504 2920 argumentationibus
528 2827 576 2898 ad
600 2832 738 2902 Deum.
791 2826 924 2898 Sedab
950 2827 1016 2897 illa
1033 2825 1199 2898 adhunc
1271 2910 1280 2918 q

112 2951 312 3027 ascendere
337 2953 403 3052 qui
425 2946 553 3028 v'alent
574 2958 770 3033 mortales.
804 2977 1014 3049 nonaeque
1038 2951 1199 3026 feliciter

110 3081 160 3154 ab
178 3080 334 3156 infinito
359 3083 591 3157 descendunt
604 3083 650 3156 ad
671 3083 835 3158 linitum.
887 3083 1044 3154 Initium
1060 3107 1198 3177 nempe

110 3208 261 3284 faciunt
277 3212 324 3282 ab
348 3237 420 3303 eo,
446 3214 567 3310 quod,
598 3214 777 3309 quoniam
804 3209 960 3284 anostra
977 3213 1197 3314 cognitione

106 3336 298 3412 remotius
321 3333 392 3428 est,
432 3341 596 3420 humana
626 3341 866 3439 imaginatio,
910 3337 1059 3413 facilius
1082 3367 1198 3435 quam

109 3467 269 3563 quidem
293 3469 408 3556 ratio,
451 3466 587 3567 assequi
613 3465 681 3541 fibi
710 3469 870 3540 videtur.
937 3477 1019 3566 Quo
1044 3467 1197 3562 factolli

110 3617 219 3666 error
242 3594 418 3668 admillus
440 3593 548 3670 estin
570 3595 819 3693 metaphysica
834 3599 879 3670 ‹ie
896 3597 1051 3668 Infinito
1069 3614 1198 3669 tracta·-

109 3721 241 3812 tione,
264 3723 299 3794 is
329 3739 367 3794 et
393 3723 579 3823 detegitur
604 3723 842 3815 difficillime,
876 3744 914 3800 et
936 3731 976 3811 in
998 3750 1129 3798 omnes
1146 3745 1197 3796 tat

107 3876 202 3924 men
228 3850 367 3948 reliqui
392 3849 597 3945 systematis
623 3856 800 3928 articulos
826 3853 1195 3928 seinlinuatsubtili·

105 3997 184 4056 ters
231 3980 339 4053 Vnde
353 3983 631 4080 antiquioribus
649 3984 995 4079 philosophantium
1018 3985 1194 4078 periculis

106 4107 295 4184 cautiores
316 4108 426 4202 sacti,
451 4129 496 4210 ut
517 4113 672 4185 moralis
700 4113 867 4185 doctrina
890 4113 1016 4185 omnis
1039 4139 1058 4184 a
1084 4130 1195 4182 meta·

41 4286 48 4300 ,
105 4233 273 4332 physicis
296 4239 538 4339 dogmatibus
555 4239 821 4340 {independens
845 4267 892 4318 ex
923 4267 986 4332 eo,
1027 4242 1130 4342 quod
1153 4242 1197 4317 in

1094 4391 1197 4450 men·
