2742 4684
236 127 247 160 ,
350 115 355 120 .

193 175 197 192 .

96 239 112 305 '.
183 283 258 344 tta
363 289 368 306 ·
548 236 921 370 Ετῌιειῌήεῐῑ
1031 256 1036 264 ’

182 441 655 552 ρωρΙίοιτόοτθίοιοις,
668 471 714 523 er
722 448 769 525 iir
778 471 941 546 namque
950 444 1145 539 constaret,
1172 472 1295 549 quae-

180 579 273 632 nam
288 553 465 624 notiones
481 575 571 647 prae
590 549 748 648 reliquia,
772 551 965 641 utiliores,
981 546 1177 648 ¹quaenam
1192 579 1293 629 vero

182 658 250 733 vix
264 651 377 728 ulline
394 652 482 755 usur
505 647 626 727 ess'ent.
680 646 829 727 Deinde
851 677 1035 750 quaenam
1061 645 1292 734 communen

28 839 31 843 ,
182 779 222 834 et
243 749 427 854 quaenam
448 753 495 828 iis
517 749 686 844 tantum,
711 757 779 851 qui
809 743 1047 861 praejudiciis
1069 779 1151 826 non
1177 759 1294 830 labo·

102 915 104 920 .
182 877 288 942 rant,
313 855 432 930 clarae
454 874 492 930 et
516 851 712 929 distinctae
731 875 768 929 et
791 881 976 955 quaenam
997 856 1160 953 denique
1181 859 1290 946 mala

186 961 368 1037 fundatae
390 956 496 1051 tint„
524 963 716 1056 Praeterea
745 957 948 1047 conflaret,
976 957 1078 1030 unde
1105 959 1294 1061 notionee

159 1058 294 1151 (illae,
328 1083 420 1156 quas
447 1057 634 1132 Secundus
664 1076 804 1133 vocant
830 1077 867 1131 et
890 1058 1157 1156 consequenter
1179 1057 1292 1134 exio·

184 1183 306 1252 mate,
330 1161 478 1257 quaein
494 1161 625 1234 iisdem
638 1158 860 1250 fundantur,
885 1158 989 1232 suam
1004 1163 1195 1234 duxerunt
1210 1163 1292 1234 ori-

69 1321 72 1334 ,
185 1269 311 1366 ginem
329 1280 364 1333 et
383 1264 475 1351 alia,
500 1287 593 1359 quae
622 1261 718 1334 circa
743 1265 832 1335 haec
851 1262 1053 1358 aliquando
1080 1258 1290 1338 meditatus

184 1369 276 1441 ium.
303 1364 565 1461 sedquoniam
582 1369 671 1436 haee
688 1365 756 1442 alii
768 1363 891 1436 dicavi
902 1365 1093 1439 Tractatui
1109 1382 1146 1436 et
1159 1363 1289 1455 etiam,

183 1482 238 1543 ne'
251 1484 403 1565 propter
419 1465 576 1537 nimiam
593 1464 714 1555 hujus·
727 1466 780 1537 rei
799 1466 1070 1561 prolixitatem,
1095 1461 1291 1541 fastidium
1329 1457 1337 1462 ⁸

99 1639 101 1652 ,
185 1563 368 1655 crearem,
392 1569 462 1638 hac
486 1592 524 1638 re
547 1570 610 1639 hic
639 1566 870 1662 supersedere
901 1568 1058 1648 decrevi.
1108 1577 1291 1641 Attamen

126 1721 130 1755 ,
185 1697 237 1748 ne
267 1669 358 1766 quid
384 1670 522 1751 herum
545 1668 748 1766 {omittam
789 1668 892 1765 quod
917 1667 1012 1740 scitu
1042 1665 1288 1743 neceffarium

186 1771 241 1859 fit,
265 1769 387 1856 causas
400 1769 558 1847 breviter
574 1770 723 1857 addam,
751 1772 950 1866 exquibus
968 1771 1134 1859 termini,
1164 1775 1288 1843 Tran-

56 1869 61 1888 ‘
177 1869 431 1978 scendmtales
448 1869 548 1959 dicti,
575 1871 677 1944 [uem
700 1872 889 1955 duxerunt
905 1872 1104 1970 originem,
1129 1891 1173 1944 ut
1188 1877 1286 1964 Ena,

184 1983 280 2062 Res,
307 1973 466 2069 aliquid.
519 1973 572 2044 Hi
599 1975 751 2045 termini
778 1997 825 2044 ex
852 1975 925 2046 hoe
952 1976 1144 2062 oriuntur,
1169 1977 1286 2074 quod

184 2077 326 2153 scilicet
342 2078 550 2146 humanum
568 2081 734 2170 Cprpus,
756 2076 1062 2172 quandoquidem
1076 2074 1288 2169 limitatum

186 2180 257 2266 est,
280 2194 427 2249 tantum
443 2171 493 2247 est
518 2200 635 2272 capax
658 2179 750 2248 caeti
770 2178 981 2272 imaginum
998 2179 1146 2248 numeri
1160 2180 1289 2280 (Quid

118 2355 120 2362 ,
144 2355 145 2360 ,
165 2353 173 2368 ,,
187 2283 318 2380 imago
329 2269 388 2375 fit,
405 2279 561 2376 explicui
576 2283 612 2348 in
631 2277 750 2350 achat.
773 2281 885 2374 Prop.
900 2299 954 2371 17.
973 2277 1097 2378 hujus)
1112 2279 1151 2349 in
1176 2283 1211 2352 ie
1226 2280 1287 2354 di·
1313 2350 1317 2356 .

186 2373 318 2460 saincte
337 2380 446 2454 fimul
472 2379 684 2468 formandi,
712 2375 824 2476 quifi
844 2383 1064 2470 excedatur,
1098 2381 1167 2452 hae
1188 2383 1287 2454 ima·

186 2485 294 2584 ginea
318 2479 506 2554 confundi
529 2481 712 2586 incipient
728 2479 808 2554 etfi
832 2483 893 2556 hic
917 2481 1129 2579 imaginum
1150 2507 1286 2556 nume·

185 2611 285 2674 rua,¹
336 2607 469 2655 uarum
496 2591 643 2678 Corpus
666 2580 714 2654 eft
740 2607 873 2678 capax,
897 2600 942 2653 ut
968 2607 1028 2657 eat
1049 2583 1091 2654 in
1116 2583 1151 2655 ie
1173 2581 1288 2657 simul

186 2684 251 2789 [⁷⁷]
275 2611 445 2757 adtinere
467 2681 626 2772 formet,
651 2685 766 2782 longe
788 2685 1005 2770 excedatur,
1031 2710 1163 2757 omnes
1184 2687 1288 2758 inter

185 2790 222 2860 se
236 2787 347 2882 piane
364 2781 654 2858 confundentur.
695 2792 804 2857 -cum
824 2787 897 2856 hoc
919 2785 972 2855 ita
988 2786 1023 2855 se
1041 2787 1192 2873 habeat,
1216 2783 1287 2882 ped

187 2907 243 2960 tet
264 2905 311 2958 'ex
335 2888 476 2958 Coroil.
500 2893 610 2980 Prop.
635 2907 690 2982 17.
718 2905 756 2957 et
782 2891 892 2982 Prop.
919 2898 976 2972 18ss
1013 2886 1145 2978 hujus,
1176 2891 1287 2982 quod

131 3051 138 3062 .
185 2993 300 3064 Mena
317 2985 478 3058 humana
497 3006 553 3058 tot
577 3013 734 3084 corpora
760 2983 931 3060 diftincte
953 2985 1062 3059 fimul
1084 2989 1287 3086 imaginari

214 3093 345 3177 oterit,
381 3105 475 3183 quot
505 3091 546 3160 in
576 3089 690 3184 ipfiue
722 3113 880 3183 corpore
913 3091 1099 3187 imagines
1130 3084 1287 3186 possunt

185 3117 294 3266 Eme]
309 3189 476 3261 formari.
530 3198 597 3278 At,
625 3191 689 3269 ubi
716 3191 898 3287 imagines
924 3193 1145 3288 incorpore
1168 3195 1285 3286 piane

187 3291 493 3376 confunduntur,
519 3295 632 3364 Mens
656 3291 764 3362 etiam
790 3293 919 3366 omnia
944 3316 1101 3386 corpotp
1125 3293 1286 3366 coni'use

116 3463 119 3470 .
185 3393 261 3492 [ine
280 3395 356 3466 ulla
382 3389 617 3464 distinctione
635 3393 905 3490 imaginabitur
926 3410 963 3462 et
987 3393 1086 3489 quast
1109 3395 1174 3465 sub
1200 3419 1284 3468 nno

185 3496 366 3569 attributo
383 3493 691 3589 comprehendet,
718 3520 852 3589 nempe
871 3493 938 3564 sub
955 3495 1135 3568 attributo
1159 3495 1285 3584 Emis,
1323 3565 1329 3571 ,
1352 3550 1354 3559 .

185 3600 256 3672 liei
275 3615 343 3669 etc.
393 3593 515 3669 Potest
531 3589 601 3665 hoc
624 3596 736 3666 etiam
751 3620 798 3666 ex
820 3619 864 3667 eo
880 3595 1033 3684 deduci,
1065 3597 1168 3692 quod
1188 3601 1285 3668 ima·

185 3702 292 3798 ginea
310 3721 389 3768 non
409 3696 549 3790 semper
565 3721 680 3790 aeque
697 3698 853 3794 vigeant
873 3714 910 3766 et
928 3700 1072 3768 axeliis
1091 3698 1204 3781 causta
1219 3700 1285 3771 hia

188 3792 379 3894 analogia,
397 3811 498 3892 ‘quas
522 3798 583 3866 hic
599 3799 788 3890 explicare
812 3821 891 3868 non
918 3794 965 3868 ast
985 3820 1100 3892 opus;
1129 3799 1285 3900 named

185 3901 376 3987 nostrum,
407 3899 452 3969 ad
468 3923 580 3993 quem
604 3901 860 3984 collimamus,
887 3897 1041 3991 scopum
1066 3925 1182 3971 unam
1199 3919 1285 3970 tan·

184 4023 266 4075 tum
291 3995 428 4072 suflicit
446 3999 685 4073 conliderate.
737 4006 834 4084 Nam
861 4020 992 4095 ntnnes
1017 4006 1090 4071 lruc
1111 4004 1282 4090 redeunt,

184 4103 287 4202 quod
308 4103 351 4173 hi·
366 4100 518 4171 termini
536 4103 638 4172 ideas
662 4094 871 4197 iigniiicent
888 4101 1034 4171 summo
1058 4105 1176 4199 gradu
1193 4127 1285 4173 con·

181 4206 291 4280 fusas.
343 4207 403 4276 Ex
425 4199 609 4276 fimilibus
630 4203 767 4274 deinde
792 4199 906 4274 caulis
931 4221 1034 4274 ortae
1051 4207 1137 4274 lunt
1155 4205 1284 4278 notio·

1135 4367 1139 4374 .
1213 4331 1282 4380 net
