2742 4684
208 306 299 409 462'
359 316 425 387 De
450 320 648 387 Lunata
662 314 902 386 §ennam
957 316 1047 387 Cae.
1066 313 1113 385 Π.

209 513 354 593 temeti
374 515 502 589 omnis
523 514 634 594 litera
649 512 749 587 inter
765 510 856 589 duas
871 512 1030 589 vocales·
1040 511 1275 609 duplicanda

206 638 352 717 puncto
388 617 545 716 dagesch
579 618 707 690 notari
736 614 887 705 debeat,
917 640 1002 689 non
1028 633 1158 691 temen
1181 620 1273 693 vice

206 721 311 794 versa
335 718 635 817 omnedegesch
664 716 809 791 indicat
831 718 979 792 literam
1001 718 1272 813 duplicandam

207 822 297 895 effe..
361 825 505 894 Puncta
532 822 637 893 enim
670 821 784 891 etiam
814 818 1024 894 inserviunt
1056 820 1104 893 ad
1135 822 1270 894 literas

79 1018 82 1026 ,
207 928 331 1055 ᾗζὲἷᾶζ
369 945 596 1042 begedkeplat
626 957 681 1021 ex'
701 947 854 1021 'lenibus
876 948 920 1023 in
945 948 1085 1043 asperas
1117 970 1271 1023 mutan·

206 1070 320 1162 dum,
344 1086 388 1142 ut
411 1070 486 1145 suis
504 1070 601 1144 locis
622 1072 850 1159 notavimus.
914 1070 1131 1147 Inscr'ibitur
1161 1072 1270 1148 deni-

206 1191 483 1385 puepunctum
505 1172 708 1269 aliquando
723 1174 854 1247 literae
874 1200 897 1247 n
919 1174 962 1245 in
982 1174 1056 1246 fine
1083 1175 1266 1250 dictionis

225 1270 260 1377 ⁴]
285 1274 498 1348 occurrenti
514 1272 565 1345 ob
579 1275 765 1347 rationem
780 1274 845 1347 suo
864 1276 952 1348 loce
975 1274 1191 1367 dicendam,
1228 1296 1271 1352 at

205 1384 289 1450 tum
305 1398 388 1449 non
406 1374 578 1477 dagesch,
612 1375 676 1447 sed
700 1400 780 1467 paen
804 1378 956 1479 mappiks
974 1378 1192 1473 appellatur.

364 1590 370 1601 ·
495 1581 604 1617 tatem
846 1590 849 1600 ·

301 1628 448 1701 Literae
481 1648 603 1701 nui-ut
636 1624 750 1699 initio
778 1626 956 1703 dictionis
988 1630 1130 1727 asperae
1163 1628 1263 1722 sunt,

202 1730 279 1805 hoc
310 1727 378 1816 est,
412 1725 696 1825 dageschant'un
744 1728 822 1805 niti*
848 1732 988 1804 ultima·
1004 1732 1264 1827 praecellentis

171 1908 175 1921 ,
205 1831 384 1904 dictionis
401 1827 446 1901 stt
462 1853 536 1899 una
559 1854 606 1900 ex
625 1831 913 1925 quiescentibus.
963 1838 1059 1905 Nam
1082 1852 1165 1906 tum
1181 1836 1267 1929 ples

194 1957 360 2029 *rumque
375 1930 606 2027 lenessunt,
637 1929 708 2003 nifi
732 1930 1024 2028 quiescenslitn
1048 1960 1134 2014 oum
1158 1960 1264 2030 map-

201 2034 295 2127 pik,
318 2033 383 2106 vel
399 2032 628 2127 praecedens
642 2032 791 2128 dictio,
828 2037 871 2107 in
894 2036 1146 2132 quiescentem
1170 2034 1261 2109 desi·

201 2158 318 2229 nens,
342 2158 522 2233 magnum
539 2133 672 2206 habeat
697 2144 903 2229 accentum.
953 2138 1127 2234 Denique
1153 2138 1262 2217 litera

202 2233 373 2326 ejusdem
408 2238 539 2335 organi
561 2236 666 2331 saepe
686 2238 739 2311 ‚in
770 2239 947 2333 scripture
977 2266 1052 2317 uua
1081 2262 1151 2335 pro
1188 2242 1263 2325 elia
1337 2295 1341 2308 ,

201 2337 405 2431 ustupatur,
434 2357 471 2410 et
485 2359 509 2411 a·
521 2362 589 2433 pro
609 2364 647 2423 ν,
672 2361 778 2435 npro
797 2366 821 2423 t,
847 2366 949 2435 apro
970 2364 999 2429 u,
1026 2366 1052 2417 te
1068 2348 1136 2436 pro
1152 2358 1256 2417 nete.

205 2440 318 2535 Quod
332 2449 426 2535 puto'
446 2440 535 2511 inde
555 2438 732 2528 evenisse,
764 2441 1118 2537 quod'scriptuneeb
1136 2444 1260 2515 humi·

198 2541 315 2615 nibus
341 2541 504 2615 diversae
530 2542 682 2612 dialecti
711 2538 787 2613 fuit
812 2542 970 2637 scripte,
1004 2562 1041 2615 et
1065 2544 1260 2645 quodiam

201 2643 354 2713 dialecti
380 2666 463 2717 non
491 2642 773 2741 dignoscantur,
813 2642 918 2735 cujus
959 2645 1102 2723 scilicet
1137 2645 1257 2724 tribue

198 2744 312 2833 haec,
336 2745 401 2816 vel
415 2744 483 2815 illa
499 2742 822 2817 dialectus'fuerit.
882 2748 994 2843 Quod
1017 2739 1142 2847 autem
1165 2748 1258 2827 haec

198 2846 331 2942 lingua
347 2846 421 2917 hoc
438 2870 640 2916 commune
659 2870 745 2915 cum
769 2848 925 2943 reliquis
946 2847 1133 2936 habuerit,
1165 2872 1255 2920 con·

197 2943 266 3018 slat
279 2970 327 3017 ex
339 2944 415 3039 ipsa
432 2945 642 3041 scriptura..
670 2952 770 3019 Nam
783 2948 980 3041 Ephraitee
995 2970 1017 3023 ο
1035 2945 1164 3023 Semech
1184 2970 1253 3045 pro

197 3074 225 3121 u
254 3044 393 3141 ubique
417 3046 658 3143 usurpabant,
702 3073 795 3149 quae
821 3049 906 3121 sane
932 3052 1060 3121 literae
1089 3048 1255 3139 ejusdem

195 3150 330 3246 organi
345 3147 439 3218 sunt.
492 3156 610 3246 Quare
628 3149 798 3244 quamvis
815 3149 857 3219 in
877 3154 995 3225 Sacn's
1013 3152 1149 3223 Literis
1172 3150 1255 3222 lite·

195 3271 277 3324 ram
298 3248 458 3339 alicujus
481 3274 550 3345 pro
580 3250 652 3321 alia
685 3248 854 3340 ejusdem
875 3253 1008 3351 organi
1031 3250 1135 3349 saepe
1160 3250 1255 3327 sumi

194 3346 358 3439 constet,
399 3375 481 3422 non
515 3368 642 3423 tamen
672 3352 715 3423 id
748 3352 888 3424 imitari
910 3352 984 3445 jam
1007 3352 1108 3424 licet
1158 3356 1254 3425 Nam

196 3452 291 3551 quid
306 3452 379 3525 hoc
393 3452 497 3526 aliud
516 3452 622 3543 esset,
647 3478 761 3553 quatu
777 3454 959 3528 dialectos
987 3450 1228 3543 confundere.

564 3819 636 3889 Ca
655 3840 679 3889 t·
696 3838 762 3893 vu
827 3784 893 3889 111.

246 4008 305 4089 De
340 4010 539 4107 Venetas,
565 4011 606 4091 dc
630 3984 742 4093 amn
756 4012 885 4116 ¹scilicet
896 4012 1038 4114 figura,
1059 4019 1208 4115 nmine,

426 4147 673 4252 potestatibus,
704 4158 738 4227 es
756 4150 1027 4257 proprietatibus.

294 4319 475 4410 Vocula,
498 4319 558 4404 uti
572 4320 763 4412 diximut,
801 4316 900 4417 apud
916 4314 1108 4437 Hebraeus
1128 4316 1258 4396 literae

1175 4446 1254 4495 non
