2742 4684
176 248 252 356 546
414 252 624 332 Terent.
649 268 784 322 tour.
834 212 930 325 Cer.
950 248 1015 329 Vl.

178 464 237 514 reo
252 437 464 535 Jurir'periti
479 460 528 509 ex
550 434 724 523 familiis,
750 458 845 529 quoe
867 422 934 525 ille
963 428 1110 521 [effioue
1132 431 1270 505 ordine

179 544 256 615 loci
271 539 416 655 prioreq
432 539 536 626 lunt,
560 536 701 634 Regem
728 534 879 623 adeunt,
905 552 946 605 ut
961 536 1112 607 libellos
1131 534 1268 630 suppli·

153 642 333 722 ,cesavel
358 635 546 734 eprllolas,
579 634 607 708 ii
636 662 728 738 ques
758 639 915 723 habent,
948 638 1115 723 tradent,
1149 652 1272 712 utne·

182 766 270 814 rum
288 736 421 815 fiotum
445 741 613 821 indicent
641 756 679 809 et
700 738 869 831 denique,
888 755 929 807 ut
952 762 997 807 ex
1021 736 1101 830 ipso
1128 736 1270 807 intelli·

181 851 294 942 gant,
316 841 407 937 quid
428 841 469 912 in
499 840 565 913 suo'
586 840 757 912 Concilio
782 862 990 932 proponere
1014 836 1159 927 jubert;
1191 860 1266 933 quo

182 960 332 1039 eccepto
348 943 558 1030 Concilium
574 956 740 1029 repetent
757 954 814 1019 et,
842 942 904 1031 qni
923 940 1055 1017 ordine
1070 937 1143 1007 loci
1166 938 1270 1027 prior

182 1041 252 1130 est,
274 1030 356 1114 reni
381 1042 647 1133 ’consulendam
668 1038 816 1135 operiet.
842 1044 947 1131 'Neo
961 1038 1013 1133 ¹de
1038 1064 1078 1111 re
1098 1034 1269 1132 luffregie

182 1140 302 1217 stetim
330 1142 557 1243 colligendo,
596 1166 691 1237 quae
722 1140 910 1237 aliquibus
946 1139 1087 1215 videtur
1112 1138 1270 1230 alicujus

183 1242 252 1317 elle
267 1234 471 1330 nomenti,
498 1244 555 1313 led
574 1245 613 1316 iu
635 1244 673 1313 id
686 1258 834 1339 tempus
851 1238 1051 1331 differenda
1061 1290 1074 1327 ,·
1096 1241 1199 1336 quod
1216 1241 1271 1311 rei

183 1334 369 1419 neceffiteo
390 1342 571 1447 concedit.
624 1343 795 1414 Concilio
825 1344 942 1439 igitur
965 1342 1012 1423 nd
1035 1342 1072 1413 id
1095 1344 1270 1415 flaturum

180 1465 330 1543 tempus
347 1444 482 1532 soluto,
507 1451 686 1538 poterunt
701 1444 842 1515 interea
857 1442 1147 1537 uniuscujusque
1157 1441 1269 1515 femi·

73 1631 76 1638 ,
182 1548 255 1620 liae
278 1542 486 1619 Confilierii
511 1546 556 1615 de
576 1544 653 1639 ipse
673 1543 837 1617 scorium
860 1542 1108 1641 quaestionem
1134 1546 1270 1617 lrabere

182 1666 240 1737 et,
272 1644 379 1735 fifres
401 1646 447 1717 iis
466 1647 595 1742 ntegni
614 1647 803 1725 momenti
825 1645 1031 1733 videbitur,
1062 1646 1174 1731 alios,
1199 1645 1271 1739 qui

182 1750 316 1822 eodem
330 1746 459 1819 officio
475 1746 617 1833 iuncti,
646 1749 709 1819 vel
724 1750 800 1843 qui
814 1746 975 1837 ejusdem
996 1748 1156 1819 Concilii
1172 1751 1289 1818 Cen-¹

182 1844 265 1953 [²⁹⁸]
291 1848 409 1919 dideti
430 1846 534 1932 lunt,
561 1848 751 1919 consulere
767 1865 823 1935 et,
854 1846 998 1937 fiin'tre
1024 1843 1270 1917 constitutum

180 1970 329 2044 tempus
347 1949 445 2019 inter
465 1948 564 2040 ipsos
581 1950 783 2021 convenire
798 1973 878 2019 non
894 1948 1051 2044 poterit,
1077 1947 1141 2019 ille
1160 1944 1272 2019 femi·

179 2047 231 2124 lie'
247 2065 350 2123 extre
374 2044 589 2147 suffragium
610 2049 681 2121 erit
689 2076 701 2134 ς
737 2050 839 2140 (nam
862 2073 1105 2145 unaquaeque
1126 2047 1270 2120 familie

180 2176 304 2223 unum
321 2167 467 2221 tentum
485 2150 580 2223 ferre
601 2146 815 2248 suffragium
838 2150 991 2247 poterit)
1011 2153 1099 2221 alias
1120 2149 1196 2241 ejus
1212 2148 1275 2221 fa·-

180 2254 306 2328 miliee
320 2253 562 2349 Juri'speritue
576 2248 777 2324 instructus
787 2252 1016 2337 sententiam,
1043 2276 1153 2347 quem
1169 2250 1267 2347 opti·

179 2376 283 2427 mem
299 2351 546 2445 iudicaverint
570 2351 657 2443 elle,
691 2345 732 2424 in
756 2352 837 2446 ipso
855 2353 1021 2424 Concilio
1046 2356 1139 2423 feret
1161 2372 1196 2424 et
1220 2350 1269 2423 fic

179 2458 338 2553 reliqui;
366 2451 712 2550 etsrmejoriperti
737 2454 856 2526 visum
882 2452 997 2533 fuerit
1018 2450 1098 2549 poll
1122 2452 1268 2525 audites

180 2554 563 2653 cujusquesententiee
585 2556 760 2642 rationes,
787 2580 863 2627 rem
880 2550 1014 2624 iterum
1029 2558 1266 2649 perpendere,

179 2659 391 2730 Concilium
408 2658 543 2727 iterum
558 2655 598 2727 in
618 2674 767 2751 tempus
786 2658 969 2740 solvetur,
995 2662 1037 2724 ad
1058 2657 1160 2749 quod
1177 2672 1260 2724 une·

179 2782 347 2855 quaeque
363 2756 524 2845 familia,
551 2779 733 2851 quaenam
751 2759 881 2827 ultime
907 2756 985 2846 ejus
1010 2758 1052 2826 lit
1074 2756 1264 2840 l'entenrie,

178 2858 446 2955 pronunciabit
460 2876 496 2928 et
517 2876 598 2927 tum
619 2858 770 2927 denium
791 2859 977 2949 praesente
1002 2860 1148 2951 integro
1170 2862 1265 2927 Con·

178 2959 266 3033 cilio
283 2954 464 3053 suffragiis
481 2958 647 3028 collectis
668 2980 710 3029 ea
725 2957 830 3029 irrita
855 2957 1048 3045 habeatur,
1073 2983 1165 3054 quae
1181 2980 1265 3037 cen·

43 3111 54 3130 .
178 3076 262 3131 tum
286 3058 333 3130 ed
352 3059 555 3131 minimum
578 3052 850 3155 suffragie‘non
873 3060 1060 3146 hebuerit,
1102 3061 1272 3154 reliquae.

155 3176 302 3235 eutem
326 3160 371 3230 ed
397 3166 534 3256 Regem
556 3157 771 3231 deferantur
788 3183 807 3230 n
824 3161 1049 3257 Jurisperitis
1071 3162 1264 3247 omnibus,

111 3319 113 3326 .
161 3262 243 3359 'qui
253 3261 423 3333 Concilio
439 3255 702 3349 interfuerunt,
732 3278 829 3340 utex
845 3262 908 3349 iis,
929 3258 1122 3358 postquem
1135 3264 1264 3332 unius·

177 3361 355 3459 cujusque
370 3362 485 3457 pertis
500 3360 663 3433 rationes
680 3363 920 3450 intellexerit,
948 3388 1059 3457 quem
1077 3364 1181 3449 velit,
1207 3362 1259 3432 eli·

175 3484 250 3562 gat,
267 3466 378 3559 etque
392 3463 480 3533 inde
489 3458 630 3561 digreffi
647 3462 694 3543 ed
702 3465 917 3536 Concilium
936 3482 1180 3551 revertentur,
1200 3461 1262 3532 ubi

175 3587 308 3639 omnes
324 3572 468 3663 Regem
480 3565 527 3635 ed
550 3562 793 3637 constitutum
809 3566 854 3635 ab
872 3565 953 3658 ipso
978 3582 1124 3661 tempus
1142 3566 1261 3659 exspe-

174 3684 295 3754 ooent,
322 3683 381 3753 ut,
408 3690 522 3761 quem
542 3664 760 3735 sententium
779 3690 824 3737 ex
842 3668 927 3738 letis
951 3666 1159 3762 eligendam
1185 3690 1263 3735 cen·

72 3863 76 3878 .
98 3860 101 3863 ἱ
173 3768 238 3872 let,
263 3790 397 3841 omnes
414 3768 615 3839 audientet
630 3766 723 3861 quid
736 3764 962 3857 faciendum,
987 3763 1064 3864 ipse
1081 3768 1263 3839 decernet.

265 3972 447 4059 §.XXVL
500 3966 559 4037 Ad
575 3964 752 4058 justitient
768 3966 1107 4057 'administrandam
1132 3969 1264 4041 Conci·

171 4069 269 4140 lium
284 4070 387 4141 eliud
402 4094 448 4157 ep
465 4066 554 4139 solie
570 4059 803 4164 Jurie‘peritis
820 4068 869 4143 est
885 4071 1148 4159 formandum,
1173 4094 1263 4166 quo·

170 4194 258 4304 rum
263 4168 435 4308 cilicium
449 4167 494 4241 fit
507 4171 592 4241 lites
609 4168 781 4243 dirimere
790 4192 826 4244 et
839 4196 979 4266 poenae
989 4171 1263 4342 exdelinqrirffi
1346 4192 1351 4200 ·
