2742 4684
233 361 347 418 xxxii

354 459 358 486 t

131 591 136 600 ·
233 543 516 625 deiliffinrorum
545 549 667 648 plane¹
685 549 805 636 nihil,
823 552 827 560 “
847 548 994 646 ingenii
1026 571 1160 643 parum
1188 549 1324 641 itaberg-

231 679 354 752 iniani
385 683 427 752 in
451 683 654 782 genuinam
666 661 871 774 ‚Spinozae
901 677 1113 750 doctrinam
1138 674 1217 750 odii
1238 701 1323 752 ma·

232 826 348 910 gnam
367 809 465 884 ‘sane
488 803 831 902 injufliffimamqua
856 805 1005 879 caulam
1027 803 1147 878 suida.
1173 816 1189 824 ”
1215 807 1320 883 Satis

228 937 334 1010 enim
358 938 468 1033 pauci
485 957 569 1012 cum
588 933 721 1043 efffsssti
747 937 812 1031 qui
836 937 952 1007 latina
975 934 1056 1026 ejus
1073 957 1204 1030 opera,
1229 958 1319 1010 rara

228 1065 368 1160 quippe
384 1085 422 1138 et
436 1067 642 1162 prohibita,
668 1067 796 1163 legere
808 1063 952 1138 velient
971 1060 1211 1160 pulsentque,
1233 1065 1319 1160 ple·
1341 1077 1353 1084 '

224 1195 334 1288 ‘rique
365 1219 411 1267 ex
440 1193 509 1282 iis,
551 1193 616 1290 qui
639 1193 766 1266 literas
791 1191 955 1264 delibare
979 1193 1127 1263 malunt
1149 1217 1267 1290 quam
1291 1217 1315 1266 e

223 1315 397 1395 fontibus
421 1319 623 1410 imbibere,
658 1343 677 1392 e
700 1319 845 1418 gallicia
861 1317 938 1392 illia
959 1322 1074 1417 nugis
1097 1338 1312 1412 auctorum,
1357 1411 1365 1430 .

221 1448 454 1545 profundum
477 1445 672 1524 Benedicti
696 1435 842 1522 sensum
864 1470 914 1518 ne
937 1451 1201 1545 augurandum
1224 1453 1312 1546 qui·

220 1576 326 1656 dem,
353 1573 492 1680 libide
518 1549 759 1672 Spinoziamo
783 1575 924 1666 ideam,
951 1589 995 1648 ut
1015 1577 1139 1667 aiunt,
1164 1575 1310 1652 forma·

219 1721 374 1782 verunt,
402 1707 442 1778 in
459 1730 530 1802 qua
552 1729 601 1779 ne
616 1705 789 1778 umbram
805 1704 957 1801 quidem
979 1704 1092 1797 hujus
1107 1706 1308 1784 doctrina·

218 1834 405 1928 agnoscas.
433 1839 514 1930 Ego
533 1853 629 1909 cette
646 1836 685 1906 in
702 1833 901 1906 recentiori
922 1835 992 1906 hae
1005 1835 1110 1906 illius
1127 1835 1306 1929 „Espriv‘

216 1959 393 2032 editione
409 1961 563 2058 ejusque
581 1963 795 2037 reductione
819 1985 861 2034 ac
885 1961 1030 2033 notulis
1055 1961 1231 2035 Voltaiaii
1257 1963 1303 2036 in

215 2087 414 2162 Germania
440 2095 661 2164 commorati
699 2091 803 2164 lusus
836 2103 1006 2185 artesque
1038 2089 1166 2162 videre
1199 2090 1302 2164 mibi

212 2216 373 2308 videor,
417 2237 531 2315 quem
556 2221 645 2292 licet
670 2221 786 2318 longe
818 2211 949 2299 abfitn,
984 2235 1028 2292 ut
1049 2217 1159 2308 odiu,
1192 2219 1301 2315 quod

211 2365 415 2426 vocarunt,
452 2349 669 2446 theologico
702 2349 918 2444 persequar,
960 2363 1086 2447 tamen
1110 2340 1300 2443 Spinoza'e

210 2469 432 2569 assequendo
457 2477 637 2573 imparem
652 2471 761 2549 fuiffe
776 2471 990 2550 certiffimua
1012 2475 1105 2548 sum.

624 2749 862 2772 m

304 2979 480 3068 iconum,
508 3003 602 3076 quae
627 2991 775 3067 extant,
809 2978 993 3074 Spinozae
1014 2979 1190 3053 omnium
1212 2980 1292 3074 pri·
1354 2982 1356 3027 =¹

200 3125 304 3175 mam
329 3091 404 3177 iem
432 3107 538 3202 [upra
566 3107 831 3180 indicarimus.
885 3109 1142 3182 characterem
1166 3108 1291 3181 homi·
1341 3152 1346 3165 ·

198 3234 260 3304 nia
277 3256 324 3305 ex
333 3235 524 3332 hispanica
534 3237 763 3316 Judaeorum
778 3233 890 3330 stirpe
905 3233 1064 3309 ostendit
1077 3255 1187 3332 atque
1204 3235 1287 3308 iub·

196 3335 373 3433 tilitatem
403 3362 541 3453 judicii
564 3366 676 3440 vultu
702 3361 902 3459 expreilam
933 3364 1084 3439 videtur
1113 3367 1284 3461 prodere.

196 3487 266 3558 Sed
293 3484 432 3561 tristior
458 3513 607 3586 apparet
632 3490 773 3573 indies,
816 3516 928 3589 quam
963 3491 1114 3596 quidem
1141 3519 1161 3566 a
1188 3511 1286 3566 tran·
1329 3501 1333 3508 '

194 3613 316 3707 quillo
351 3613 582 3716 limplicique
619 3624 747 3693 animo
774 3605 967 3694 Benedicti
994 3623 1284 3717 expectaverim0

194 3743 438 3818 Serenitatem
470 3745 611 3822 frontis
653 3751 807 3845 orisque
835 3748 1057 3822 suavitatem
1089 3753 1132 3821 in
1170 3751 1284 3821 vultu

193 3853 438 3962 quaeiiverim
463 3874 563 3965 ejus,
600 3879 666 3975 qui
691 3877 925 3972 principibus
948 3879 1060 3948 etiam
1086 3876 1180 3948 viris
1208 3877 1284 3948 col·

190 3997 325 4091 loquio
353 4003 494 4095 placuit
521 4023 695 4100 ecquem
722 4029 829 4101 parea
856 4006 970 4075 multi
995 4007 1046 4077 ob
1072 4003 1280 4094 jucundam

85 4139 87 4144 '
189 4146 342 4200 morum
365 4129 581 4204 comitatem
609 4132 676 4208 fibi
711 4132 922 4206 consortem
958 4133 1146 4227 optabant.
1208 4129 1283 4204 Mi·

188 4251 293 4328 rifice
317 4255 435 4360 igitur
460 4259 640 4358 laetabar,
667 4285 776 4353 cunt,
796 4263 863 4360 qui
891 4261 1148 4336 Bibliothecae
1171 4257 1280 4332 Guel-

596 4409 602 4417 ’
1079 4406 1081 4413 ·
1173 4387 1280 4482 pher-
