<?xml version="1.0" encoding="UTF-8"?>
<!DOCTYPE html PUBLIC "-//W3C//DTD XHTML 1.0 Transitional//EN"
    "http://www.w3.org/TR/xhtml1/DTD/xhtml1-transitional.dtd">
<html xmlns="http://www.w3.org/1999/xhtml" xml:lang="en" lang="en">
 <head>
  <title>
</title>
<meta http-equiv="Content-Type" content="text/html;charset=utf-8" />
  <meta name='ocr-system' content='tesseract 3.04.00' />
  <meta name='ocr-capabilities' content='ocr_page ocr_carea ocr_par ocr_line ocrx_word'/>
</head>
<body>
  <div class='ocr_page' id='page_1' title='image "benedictidespin00paulgoog_0169.png"; bbox 0 0 2742 4684; ppageno 0'>
   <div class='ocr_carea' id='block_1_1' title="bbox 740 82 859 134">
    <p class='ocr_par' dir='ltr' id='par_1_1' title="bbox 740 82 859 134">
     <span class='ocr_line' id='line_1_1' title="bbox 740 82 859 134; baseline -0.008 -14"><span class='ocrx_word' id='word_1_1' title='bbox 740 125 744 134; x_wconf 42' lang='grc' dir='ltr'>Ι</span> <span class='ocrx_word' id='word_1_2' title='bbox 853 82 859 119; x_wconf 72' lang='lat' dir='ltr'><strong>i</strong></span> 
     </span>
    </p>
   </div>
   <div class='ocr_carea' id='block_1_2' title="bbox 197 203 994 336">
    <p class='ocr_par' dir='ltr' id='par_1_2' title="bbox 197 203 994 336">
     <span class='ocr_line' id='line_1_2' title="bbox 197 203 994 336; baseline -0.001 -24"><span class='ocrx_word' id='word_1_3' title='bbox 197 255 276 334; x_wconf 61' lang='grc' dir='ltr'><strong>ωε</strong></span> <span class='ocrx_word' id='word_1_4' title='bbox 357 276 366 292; x_wconf 50' lang='grc' dir='ltr'><em>ν</em></span> <span class='ocrx_word' id='word_1_5' title='bbox 500 317 507 336; x_wconf 73' lang='lat'><em>‚</em></span> <span class='ocrx_word' id='word_1_6' title='bbox 572 233 751 308; x_wconf 81' lang='lat' dir='ltr'><strong>Erurcrs</strong></span> <span class='ocrx_word' id='word_1_7' title='bbox 774 235 876 308; x_wconf 79' lang='lat' dir='ltr'><strong>Pars</strong></span> <span class='ocrx_word' id='word_1_8' title='bbox 892 235 939 312; x_wconf 89' lang='lat'><strong>11.</strong></span> <span class='ocrx_word' id='word_1_9' title='bbox 989 203 994 211; x_wconf 79' lang='lat'><em>.</em></span> 
     </span>
    </p>
   </div>
   <div class='ocr_carea' id='block_1_3' title="bbox 65 397 1371 3354">
    <p class='ocr_par' dir='ltr' id='par_1_3' title="bbox 141 397 1315 1030">
     <span class='ocr_line' id='line_1_3' title="bbox 141 397 1315 520; baseline -0.001 -20"><span class='ocrx_word' id='word_1_10' title='bbox 141 494 153 518; x_wconf 71' lang='grc'><strong><em>,</em></strong></span> <span class='ocrx_word' id='word_1_11' title='bbox 200 445 402 500; x_wconf 81' lang='lat' dir='ltr'><strong>commune</strong></span> <span class='ocrx_word' id='word_1_12' title='bbox 424 397 497 510; x_wconf 77' lang='lat' dir='ltr'><strong>est,</strong></span> <span class='ocrx_word' id='word_1_13' title='bbox 520 443 657 515; x_wconf 82' lang='lat' dir='ltr'><strong>nempe</strong></span> <span class='ocrx_word' id='word_1_14' title='bbox 679 417 991 512; x_wconf 78' lang='lat' dir='ltr'><strong>affirmationem,</strong></span> <span class='ocrx_word' id='word_1_15' title='bbox 1017 398 1123 513; x_wconf 79' lang='lat' dir='ltr'><strong>cujus</strong></span> <span class='ocrx_word' id='word_1_16' title='bbox 1145 441 1315 520; x_wconf 82' lang='lat' dir='ltr'><strong>propte·</strong></span> 
     </span>
     <span class='ocr_line' id='line_1_4' title="bbox 200 519 1314 621; baseline -0.004 -19"><span class='ocrx_word' id='word_1_17' title='bbox 200 553 261 602; x_wconf 83' lang='lat' dir='ltr'><strong>rea</strong></span> <span class='ocrx_word' id='word_1_18' title='bbox 279 521 479 621; x_wconf 73' lang='lat' dir='ltr'><strong>adaequata</strong></span> <span class='ocrx_word' id='word_1_19' title='bbox 505 520 675 608; x_wconf 77' lang='lat' dir='ltr'><strong>essentia,</strong></span> <span class='ocrx_word' id='word_1_20' title='bbox 705 539 885 617; x_wconf 88' lang='lat' dir='ltr'><strong>quatenus</strong></span> <span class='ocrx_word' id='word_1_21' title='bbox 909 521 956 594; x_wconf 86' lang='lat' dir='ltr'><strong>fic</strong></span> <span class='ocrx_word' id='word_1_22' title='bbox 980 519 1154 597; x_wconf 80' lang='lat' dir='ltr'>abstracte</span> <span class='ocrx_word' id='word_1_23' title='bbox 1173 529 1314 599; x_wconf 85' lang='lat' dir='ltr'><strong>conci·</strong></span> 
     </span>
     <span class='ocr_line' id='line_1_5' title="bbox 198 620 1312 726; baseline 0.003 -28"><span class='ocrx_word' id='word_1_24' title='bbox 198 632 325 726; x_wconf 83' lang='lat' dir='ltr'><strong>pitur,</strong></span> <span class='ocrx_word' id='word_1_25' title='bbox 360 627 470 700; x_wconf 88' lang='lat' dir='ltr'><strong>debet</strong></span> <span class='ocrx_word' id='word_1_26' title='bbox 492 620 558 696; x_wconf 82' lang='lat' dir='ltr'><strong>effe</strong></span> <span class='ocrx_word' id='word_1_27' title='bbox 583 625 625 694; x_wconf 90' lang='lat' dir='ltr'><strong>in</strong></span> <span class='ocrx_word' id='word_1_28' title='bbox 650 648 871 720; x_wconf 90' lang='lat' dir='ltr'><strong>unaquaque</strong></span> <span class='ocrx_word' id='word_1_29' title='bbox 895 624 976 696; x_wconf 90' lang='lat' dir='ltr'><strong>idea</strong></span> <span class='ocrx_word' id='word_1_30' title='bbox 998 642 1036 696; x_wconf 92' lang='lat' dir='ltr'><strong>et</strong></span> <span class='ocrx_word' id='word_1_31' title='bbox 1057 627 1127 715; x_wconf 70' lang='lat' dir='ltr'><strong>lrec</strong></span> <span class='ocrx_word' id='word_1_32' title='bbox 1151 630 1312 701; x_wconf 78' lang='lat' dir='ltr'><strong>ratione</strong></span> 
     </span>
     <span class='ocr_line' id='line_1_6' title="bbox 198 723 1311 826; baseline -0.002 -24"><span class='ocrx_word' id='word_1_33' title='bbox 198 747 349 826; x_wconf 79' lang='lat' dir='ltr'><strong>tanturn</strong></span> <span class='ocrx_word' id='word_1_34' title='bbox 363 723 602 826; x_wconf 61' lang='lat' dir='ltr'><strong>inclinibus</strong></span> <span class='ocrx_word' id='word_1_35' title='bbox 618 725 766 808; x_wconf 67' lang='lat' dir='ltr'><strong>eadem</strong></span> <span class='ocrx_word' id='word_1_36' title='bbox 792 727 853 796; x_wconf 81' lang='lat' dir='ltr'><strong>sed</strong></span> <span class='ocrx_word' id='word_1_37' title='bbox 871 749 950 796; x_wconf 90' lang='lat' dir='ltr'><strong>non</strong></span> <span class='ocrx_word' id='word_1_38' title='bbox 976 743 1161 824; x_wconf 86' lang='lat' dir='ltr'><strong>quatenus</strong></span> <span class='ocrx_word' id='word_1_39' title='bbox 1178 723 1311 801; x_wconf 81' lang='lat' dir='ltr'><strong>confi·</strong></span> 
     </span>
     <span class='ocr_line' id='line_1_7' title="bbox 199 822 1307 919; baseline -0.006 -11"><span class='ocrx_word' id='word_1_40' title='bbox 199 835 349 908; x_wconf 83' lang='lat' dir='ltr'><strong>deretur</strong></span> <span class='ocrx_word' id='word_1_41' title='bbox 377 825 563 915; x_wconf 72' lang='lat' dir='ltr'><strong>effeptiam</strong></span> <span class='ocrx_word' id='word_1_42' title='bbox 593 825 698 910; x_wconf 81' lang='lat' dir='ltr'><strong>ideae</strong></span> <span class='ocrx_word' id='word_1_43' title='bbox 729 822 974 919; x_wconf 72' lang='lat' dir='ltr'><strong>constituere5</strong></span> <span class='ocrx_word' id='word_1_44' title='bbox 1018 842 1108 898; x_wconf 84' lang='lat' dir='ltr'><strong>nam</strong></span> <span class='ocrx_word' id='word_1_45' title='bbox 1139 845 1307 902; x_wconf 80' lang='lat' dir='ltr'><strong>eatenus</strong></span> 
     </span>
     <span class='ocr_line' id='line_1_8' title="bbox 198 923 1307 1030; baseline -0.007 -20"><span class='ocrx_word' id='word_1_46' title='bbox 198 933 400 1030; x_wconf 68' lang='lat' dir='ltr'>singulares</span> <span class='ocrx_word' id='word_1_47' title='bbox 416 923 684 1002; x_wconf 85' lang='lat' dir='ltr'><strong>affirmationes</strong></span> <span class='ocrx_word' id='word_1_48' title='bbox 701 952 817 1023; x_wconf 80' lang='lat' dir='ltr'><strong>aeque</strong></span> <span class='ocrx_word' id='word_1_49' title='bbox 841 928 940 998; x_wconf 87' lang='lat' dir='ltr'><strong>inter</strong></span> <span class='ocrx_word' id='word_1_50' title='bbox 963 927 999 998; x_wconf 79' lang='lat' dir='ltr'><strong>se</strong></span> <span class='ocrx_word' id='word_1_51' title='bbox 1026 924 1224 1018; x_wconf 86' lang='lat' dir='ltr'><strong>differunt,</strong></span> <span class='ocrx_word' id='word_1_52' title='bbox 1251 955 1307 1002; x_wconf 81' lang='lat' dir='ltr'><strong>ac</strong></span> 
     </span>
    </p>

    <p class='ocr_par' dir='ltr' id='par_1_4' title="bbox 65 1018 1371 3354">
     <span class='ocr_line' id='line_1_9' title="bbox 132 1018 1304 1133; baseline -0.003 -24"><span class='ocrx_word' id='word_1_53' title='bbox 132 1071 136 1076; x_wconf 66' lang='grc'>’</span> <span class='ocrx_word' id='word_1_54' title='bbox 197 1037 297 1133; x_wconf 85' lang='lat' dir='ltr'><strong>ipsae</strong></span> <span class='ocrx_word' id='word_1_55' title='bbox 318 1018 458 1106; x_wconf 61' lang='lat' dir='ltr'><strong>idne!</strong></span> <span class='ocrx_word' id='word_1_56' title='bbox 489 1035 556 1101; x_wconf 83' lang='lat' dir='ltr'><strong>Ex.</strong></span> <span class='ocrx_word' id='word_1_57' title='bbox 575 1052 627 1124; x_wconf 86' lang='lat' dir='ltr'><strong>gr.</strong></span> <span class='ocrx_word' id='word_1_58' title='bbox 658 1025 882 1116; x_wconf 81' lang='lat' dir='ltr'><strong>affirmatio,</strong></span> <span class='ocrx_word' id='word_1_59' title='bbox 915 1053 1028 1123; x_wconf 88' lang='lat' dir='ltr'><strong>quarn</strong></span> <span class='ocrx_word' id='word_1_60' title='bbox 1052 1025 1133 1100; x_wconf 85' lang='lat' dir='ltr'><strong>idea</strong></span> <span class='ocrx_word' id='word_1_61' title='bbox 1161 1028 1304 1105; x_wconf 82' lang='lat' dir='ltr'><strong>circuli</strong></span> 
     </span>
     <span class='ocr_line' id='line_1_10' title="bbox 65 1125 1314 1230; baseline -0.009 -15"><span class='ocrx_word' id='word_1_62' title='bbox 65 1135 68 1142; x_wconf 72' lang='grc'><strong>’</strong></span> <span class='ocrx_word' id='word_1_63' title='bbox 185 1139 245 1214; x_wconf 47' lang='grc' dir='ltr'><strong>ιεἰ)</strong></span> <span class='ocrx_word' id='word_1_64' title='bbox 262 1139 347 1226; x_wconf 85' lang='lat' dir='ltr'><strong>illa,</strong></span> <span class='ocrx_word' id='word_1_65' title='bbox 373 1157 486 1230; x_wconf 84' lang='lat' dir='ltr'><strong>quarn</strong></span> <span class='ocrx_word' id='word_1_66' title='bbox 502 1129 582 1200; x_wconf 88' lang='lat' dir='ltr'><strong>idea</strong></span> <span class='ocrx_word' id='word_1_67' title='bbox 601 1129 780 1228; x_wconf 81' lang='lat' dir='ltr'>trianguli</span> <span class='ocrx_word' id='word_1_68' title='bbox 804 1130 989 1218; x_wconf 85' lang='lat' dir='ltr'><strong>involvit,</strong></span> <span class='ocrx_word' id='word_1_69' title='bbox 1013 1153 1128 1226; x_wconf 87' lang='lat' dir='ltr'><strong>aeque</strong></span> <span class='ocrx_word' id='word_1_70' title='bbox 1150 1125 1314 1222; x_wconf 70' lang='lat' dir='ltr'><strong>differt,</strong></span> 
     </span>
     <span class='ocr_line' id='line_1_11' title="bbox 197 1231 1304 1326; baseline -0.005 -15"><span class='ocrx_word' id='word_1_71' title='bbox 197 1265 241 1312; x_wconf 87' lang='lat' dir='ltr'><strong>ac</strong></span> <span class='ocrx_word' id='word_1_72' title='bbox 262 1241 344 1311; x_wconf 88' lang='lat' dir='ltr'><strong>idea</strong></span> <span class='ocrx_word' id='word_1_73' title='bbox 362 1233 495 1306; x_wconf 86' lang='lat' dir='ltr'><strong>circuli</strong></span> <span class='ocrx_word' id='word_1_74' title='bbox 517 1233 564 1302; x_wconf 90' lang='lat' dir='ltr'><strong>ab</strong></span> <span class='ocrx_word' id='word_1_75' title='bbox 592 1231 672 1302; x_wconf 80' lang='lat' dir='ltr'><strong>ides</strong></span> <span class='ocrx_word' id='word_1_76' title='bbox 703 1231 894 1326; x_wconf 80' lang='lat' dir='ltr'><strong>trianguli.</strong></span> <span class='ocrx_word' id='word_1_77' title='bbox 947 1233 1096 1304; x_wconf 81' lang='lat' dir='ltr'><strong>Deinde</strong></span> <span class='ocrx_word' id='word_1_78' title='bbox 1120 1231 1304 1307; x_wconf 73' lang='lat' dir='ltr'><strong>absoluto</strong></span> 
     </span>
     <span class='ocr_line' id='line_1_12' title="bbox 195 1332 1303 1503; baseline -0.005 -94"><span class='ocrx_word' id='word_1_79' title='bbox 195 1365 317 1438; x_wconf 78' lang='lat' dir='ltr'><strong>nego,</strong></span> <span class='ocrx_word' id='word_1_80' title='bbox 350 1361 421 1408; x_wconf 86' lang='lat' dir='ltr'><strong>nos</strong></span> <span class='ocrx_word' id='word_1_81' title='bbox 454 1332 599 1426; x_wconf 84' lang='lat' dir='ltr'><strong>aequali</strong></span> <span class='ocrx_word' id='word_1_82' title='bbox 632 1333 824 1503; x_wconf 51' lang='lat' dir='ltr'><strong>copitandi</strong></span> <span class='ocrx_word' id='word_1_83' title='bbox 853 1333 1019 1426; x_wconf 88' lang='lat' dir='ltr'><strong>potentia</strong></span> <span class='ocrx_word' id='word_1_84' title='bbox 1051 1333 1219 1431; x_wconf 79' lang='lat' dir='ltr'>indigere</span> <span class='ocrx_word' id='word_1_85' title='bbox 1243 1334 1303 1411; x_wconf 81' lang='lat' dir='ltr'><strong>ud</strong></span> 
     </span>
     <span class='ocr_line' id='line_1_13' title="bbox 157 1429 1302 1530; baseline -0.008 -17"><span class='ocrx_word' id='word_1_86' title='bbox 157 1463 168 1496; x_wconf 68' lang='lat'><em>³</em></span> <span class='ocrx_word' id='word_1_87' title='bbox 194 1439 482 1524; x_wconf 74' lang='lat' dir='ltr'><strong>affirmandum,</strong></span> <span class='ocrx_word' id='word_1_88' title='bbox 507 1457 674 1505; x_wconf 83' lang='lat' dir='ltr'><strong>verume</strong></span> <span class='ocrx_word' id='word_1_89' title='bbox 704 1432 795 1519; x_wconf 88' lang='lat' dir='ltr'><strong>eid,</strong></span> <span class='ocrx_word' id='word_1_90' title='bbox 818 1434 920 1528; x_wconf 87' lang='lat' dir='ltr'><strong>quod</strong></span> <span class='ocrx_word' id='word_1_91' title='bbox 938 1458 1072 1506; x_wconf 85' lang='lat' dir='ltr'><strong>verum</strong></span> <span class='ocrx_word' id='word_1_92' title='bbox 1087 1429 1147 1523; x_wconf 79' lang='lat' dir='ltr'><strong>est,</strong></span> <span class='ocrx_word' id='word_1_93' title='bbox 1175 1459 1302 1530; x_wconf 86' lang='lat' dir='ltr'><strong>quam</strong></span> 
     </span>
     <span class='ocr_line' id='line_1_14' title="bbox 194 1531 1297 1631; baseline -0.011 -15"><span class='ocrx_word' id='word_1_94' title='bbox 194 1545 243 1616; x_wconf 83' lang='lat' dir='ltr'><strong>ed</strong></span> <span class='ocrx_word' id='word_1_95' title='bbox 269 1536 551 1622; x_wconf 77' lang='lat' dir='ltr'><strong>affirmandum,</strong></span> <span class='ocrx_word' id='word_1_96' title='bbox 593 1559 724 1608; x_wconf 86' lang='lat' dir='ltr'><strong>verum</strong></span> <span class='ocrx_word' id='word_1_97' title='bbox 752 1533 821 1606; x_wconf 81' lang='lat' dir='ltr'><strong>effe</strong></span> <span class='ocrx_word' id='word_1_98' title='bbox 842 1533 903 1620; x_wconf 92' lang='lat' dir='ltr'><strong>id,</strong></span> <span class='ocrx_word' id='word_1_99' title='bbox 937 1537 1038 1631; x_wconf 89' lang='lat' dir='ltr'><strong>quod</strong></span> <span class='ocrx_word' id='word_1_100' title='bbox 1068 1533 1204 1608; x_wconf 74' lang='lat' dir='ltr'><strong>falsum</strong></span> <span class='ocrx_word' id='word_1_101' title='bbox 1227 1531 1297 1612; x_wconf 83' lang='lat' dir='ltr'><strong>est.</strong></span> 
     </span>
     <span class='ocr_line' id='line_1_15' title="bbox 195 1618 1301 1732; baseline -0.005 -16"><span class='ocrx_word' id='word_1_102' title='bbox 195 1652 296 1718; x_wconf 83' lang='lat' dir='ltr'><strong>Nam</strong></span> <span class='ocrx_word' id='word_1_103' title='bbox 321 1647 386 1712; x_wconf 83' lang='lat' dir='ltr'><strong>hae</strong></span> <span class='ocrx_word' id='word_1_104' title='bbox 405 1642 498 1710; x_wconf 78' lang='lat' dir='ltr'><strong>duae</strong></span> <span class='ocrx_word' id='word_1_105' title='bbox 523 1633 813 1724; x_wconf 73' lang='lat' dir='ltr'><strong>affirmationes,</strong></span> <span class='ocrx_word' id='word_1_106' title='bbox 840 1635 1048 1710; x_wconf 85' lang='lat' dir='ltr'><strong>fimeutem</strong></span> <span class='ocrx_word' id='word_1_107' title='bbox 1071 1618 1226 1732; x_wconf 73' lang='lat' dir='ltr'><strong>spectis,</strong></span> <span class='ocrx_word' id='word_1_108' title='bbox 1253 1635 1301 1711; x_wconf 79' lang='lat' dir='ltr'><strong>sc</strong></span> 
     </span>
     <span class='ocr_line' id='line_1_16' title="bbox 194 1737 1364 1824; baseline -0.004 -6"><span class='ocrx_word' id='word_1_109' title='bbox 194 1748 334 1819; x_wconf 84' lang='lat' dir='ltr'><strong>habent</strong></span> <span class='ocrx_word' id='word_1_110' title='bbox 352 1742 397 1812; x_wconf 93' lang='lat' dir='ltr'><strong>ad</strong></span> <span class='ocrx_word' id='word_1_111' title='bbox 416 1737 598 1824; x_wconf 84' lang='lat' dir='ltr'><strong>invicem,</strong></span> <span class='ocrx_word' id='word_1_112' title='bbox 622 1756 664 1809; x_wconf 89' lang='lat' dir='ltr'><strong>ut</strong></span> <span class='ocrx_word' id='word_1_113' title='bbox 684 1763 751 1810; x_wconf 87' lang='lat' dir='ltr'><strong>ens</strong></span> <span class='ocrx_word' id='word_1_114' title='bbox 777 1737 824 1810; x_wconf 84' lang='lat' dir='ltr'><strong>ad</strong></span> <span class='ocrx_word' id='word_1_115' title='bbox 843 1761 944 1810; x_wconf 89' lang='lat' dir='ltr'><strong>nou·</strong></span> <span class='ocrx_word' id='word_1_116' title='bbox 957 1760 1044 1822; x_wconf 81' lang='lat' dir='ltr'><strong>ena;</strong></span> <span class='ocrx_word' id='word_1_117' title='bbox 1065 1739 1168 1808; x_wconf 83' lang='lat' dir='ltr'><strong>nihil</strong></span> <span class='ocrx_word' id='word_1_118' title='bbox 1182 1738 1296 1813; x_wconf 86' lang='lat' dir='ltr'><strong>enim</strong></span> <span class='ocrx_word' id='word_1_119' title='bbox 1359 1786 1364 1792; x_wconf 82' lang='lat'><strong>·</strong></span> 
     </span>
     <span class='ocr_line' id='line_1_17' title="bbox 193 1835 1298 1938; baseline -0.007 -19"><span class='ocrx_word' id='word_1_120' title='bbox 193 1849 235 1919; x_wconf 92' lang='lat' dir='ltr'><strong>in</strong></span> <span class='ocrx_word' id='word_1_121' title='bbox 251 1845 342 1918; x_wconf 88' lang='lat' dir='ltr'><strong>ideis</strong></span> <span class='ocrx_word' id='word_1_122' title='bbox 357 1840 561 1938; x_wconf 80' lang='lat' dir='ltr'><strong>positivum</strong></span> <span class='ocrx_word' id='word_1_123' title='bbox 576 1835 643 1929; x_wconf 84' lang='lat' dir='ltr'><strong>est,</strong></span> <span class='ocrx_word' id='word_1_124' title='bbox 669 1841 771 1934; x_wconf 91' lang='lat' dir='ltr'><strong>quod</strong></span> <span class='ocrx_word' id='word_1_125' title='bbox 787 1836 954 1912; x_wconf 67' lang='lat' dir='ltr'><strong>falsitatis</strong></span> <span class='ocrx_word' id='word_1_126' title='bbox 970 1837 1133 1923; x_wconf 77' lang='lat' dir='ltr'><strong>fonnem</strong></span> <span class='ocrx_word' id='word_1_127' title='bbox 1152 1839 1298 1912; x_wconf 78' lang='lat' dir='ltr'><strong>consti-</strong></span> 
     </span>
     <span class='ocr_line' id='line_1_18' title="bbox 193 1939 1294 2040; baseline -0.008 -20"><span class='ocrx_word' id='word_1_128' title='bbox 193 1949 278 2020; x_wconf 84' lang='lat' dir='ltr'><strong>tuit.</strong></span> <span class='ocrx_word' id='word_1_129' title='bbox 330 1945 430 2038; x_wconf 80' lang='lat' dir='ltr'><strong>(vide</strong></span> <span class='ocrx_word' id='word_1_130' title='bbox 444 1943 555 2038; x_wconf 83' lang='lat' dir='ltr'><strong>Prop.</strong></span> <span class='ocrx_word' id='word_1_131' title='bbox 572 1957 630 2028; x_wconf 73' lang='lat'><strong>35.</strong></span> <span class='ocrx_word' id='word_1_132' title='bbox 648 1939 759 2034; x_wconf 77' lang='lat' dir='ltr'><strong>hujus</strong></span> <span class='ocrx_word' id='word_1_133' title='bbox 777 1967 860 2040; x_wconf 80' lang='lat' dir='ltr'><strong>curre</strong></span> <span class='ocrx_word' id='word_1_134' title='bbox 876 1943 953 2035; x_wconf 71' lang='lat' dir='ltr'><strong>ejus</strong></span> <span class='ocrx_word' id='word_1_135' title='bbox 971 1942 1091 2019; x_wconf 78' lang='lat' dir='ltr'><strong>Schol.</strong></span> <span class='ocrx_word' id='word_1_136' title='bbox 1109 1958 1144 2014; x_wconf 82' lang='lat' dir='ltr'><strong>et</strong></span> <span class='ocrx_word' id='word_1_137' title='bbox 1163 1943 1294 2024; x_wconf 68' lang='lat' dir='ltr'><strong>Scitol,</strong></span> 
     </span>
     <span class='ocr_line' id='line_1_19' title="bbox 193 2042 1294 2146; baseline -0.006 -26"><span class='ocrx_word' id='word_1_138' title='bbox 193 2054 306 2145; x_wconf 87' lang='lat' dir='ltr'><strong>Prop.</strong></span> <span class='ocrx_word' id='word_1_139' title='bbox 322 2057 391 2146; x_wconf 59' lang='lat' dir='ltr'><strong>qn·</strong></span> <span class='ocrx_word' id='word_1_140' title='bbox 403 2043 510 2139; x_wconf 82' lang='lat' dir='ltr'><strong>hujus</strong></span> <span class='ocrx_word' id='word_1_141' title='bbox 524 2049 537 2134; x_wconf 93' lang='lat'>)</span> <span class='ocrx_word' id='word_1_142' title='bbox 561 2051 682 2139; x_wconf 75' lang='lat' dir='ltr'><strong>Quare</strong></span> <span class='ocrx_word' id='word_1_143' title='bbox 692 2042 752 2113; x_wconf 87' lang='lat' dir='ltr'><strong>hic</strong></span> <span class='ocrx_word' id='word_1_144' title='bbox 764 2044 1048 2138; x_wconf 75' lang='lat' dir='ltr'><strong>app&#39;rimerenit</strong></span> <span class='ocrx_word' id='word_1_145' title='bbox 1061 2045 1294 2132; x_wconf 78' lang='lat' dir='ltr'><strong>notandum,</strong></span> 
     </span>
     <span class='ocr_line' id='line_1_20' title="bbox 193 2139 1296 2250; baseline -0.006 -27"><span class='ocrx_word' id='word_1_146' title='bbox 193 2175 305 2250; x_wconf 88' lang='lat' dir='ltr'><strong>quam</strong></span> <span class='ocrx_word' id='word_1_147' title='bbox 322 2146 429 2221; x_wconf 86' lang='lat' dir='ltr'><strong>t&#39;acile</strong></span> <span class='ocrx_word' id='word_1_148' title='bbox 445 2145 673 2240; x_wconf 82' lang='lat' dir='ltr'>decipimur,</span> <span class='ocrx_word' id='word_1_149' title='bbox 706 2149 858 2248; x_wconf 63' lang='lat' dir='ltr'><strong>queneto</strong></span> <span class='ocrx_word' id='word_1_150' title='bbox 878 2144 1098 2218; x_wconf 78' lang='lat' dir='ltr'><strong>universalia</strong></span> <span class='ocrx_word' id='word_1_151' title='bbox 1115 2169 1199 2216; x_wconf 90' lang='lat' dir='ltr'><strong>cum</strong></span> <span class='ocrx_word' id='word_1_152' title='bbox 1215 2139 1296 2216; x_wconf 83' lang='lat' dir='ltr'><strong>fin-</strong></span> 
     </span>
     <span class='ocr_line' id='line_1_21' title="bbox 192 2243 1292 2352; baseline -0.003 -29"><span class='ocrx_word' id='word_1_153' title='bbox 192 2253 384 2352; x_wconf 82' lang='lat' dir='ltr'><strong>gularibus</strong></span> <span class='ocrx_word' id='word_1_154' title='bbox 400 2267 437 2320; x_wconf 89' lang='lat' dir='ltr'><strong>et</strong></span> <span class='ocrx_word' id='word_1_155' title='bbox 453 2249 554 2318; x_wconf 86' lang='lat' dir='ltr'><strong>entia</strong></span> <span class='ocrx_word' id='word_1_156' title='bbox 573 2244 731 2318; x_wconf 82' lang='lat' dir='ltr'><strong>rationis</strong></span> <span class='ocrx_word' id='word_1_157' title='bbox 755 2264 792 2316; x_wconf 89' lang='lat' dir='ltr'><strong>et</strong></span> <span class='ocrx_word' id='word_1_158' title='bbox 813 2243 988 2342; x_wconf 79' lang='lat' dir='ltr'><strong>abstracta</strong></span> <span class='ocrx_word' id='word_1_159' title='bbox 1013 2270 1098 2318; x_wconf 90' lang='lat' dir='ltr'><strong>cum</strong></span> <span class='ocrx_word' id='word_1_160' title='bbox 1119 2247 1292 2320; x_wconf 77' lang='lat' dir='ltr'><strong>realibus</strong></span> 
     </span>
     <span class='ocr_line' id='line_1_22' title="bbox 192 2347 1293 2445; baseline -0.008 -17"><span class='ocrx_word' id='word_1_161' title='bbox 192 2351 476 2434; x_wconf 81' lang='lat' dir='ltr'><strong>confundimus.</strong></span> <span class='ocrx_word' id='word_1_162' title='bbox 528 2347 639 2444; x_wconf 82' lang='lat' dir='ltr'><strong>Quod</strong></span> <span class='ocrx_word' id='word_1_163' title='bbox 661 2347 820 2441; x_wconf 86' lang='lat' dir='ltr'><strong>denique</strong></span> <span class='ocrx_word' id='word_1_164' title='bbox 844 2350 891 2417; x_wconf 88' lang='lat' dir='ltr'><strong>ad</strong></span> <span class='ocrx_word' id='word_1_165' title='bbox 913 2365 1081 2445; x_wconf 84' lang='lat' dir='ltr'><strong>quartam</strong></span> <span class='ocrx_word' id='word_1_166' title='bbox 1105 2349 1293 2442; x_wconf 86' lang='lat' dir='ltr'><strong>objectio·</strong></span> 
     </span>
     <span class='ocr_line' id='line_1_23' title="bbox 190 2449 1290 2544; baseline -0.006 -16"><span class='ocrx_word' id='word_1_167' title='bbox 190 2479 281 2530; x_wconf 82' lang='lat' dir='ltr'><strong>nem</strong></span> <span class='ocrx_word' id='word_1_168' title='bbox 306 2457 457 2538; x_wconf 81' lang='lat' dir='ltr'><strong>attinet,</strong></span> <span class='ocrx_word' id='word_1_169' title='bbox 496 2449 604 2535; x_wconf 87' lang='lat' dir='ltr'><strong>dico,</strong></span> <span class='ocrx_word' id='word_1_170' title='bbox 639 2471 701 2527; x_wconf 86' lang='lat' dir='ltr'><strong>me</strong></span> <span class='ocrx_word' id='word_1_171' title='bbox 730 2450 892 2521; x_wconf 89' lang='lat' dir='ltr'><strong>omnino</strong></span> <span class='ocrx_word' id='word_1_172' title='bbox 926 2449 1146 2536; x_wconf 78' lang='lat' dir='ltr'><strong>concedere,</strong></span> <span class='ocrx_word' id='word_1_173' title='bbox 1178 2449 1290 2544; x_wconf 83' lang='lat' dir='ltr'><strong>quod</strong></span> 
     </span>
     <span class='ocr_line' id='line_1_24' title="bbox 88 2549 1289 2652; baseline -0.005 -21"><span class='ocrx_word' id='word_1_174' title='bbox 88 2573 91 2584; x_wconf 95' lang='lat'>&#39;</span> <span class='ocrx_word' id='word_1_175' title='bbox 189 2557 365 2652; x_wconf 31' lang='lat' dir='ltr'><strong>homossin</strong></span> <span class='ocrx_word' id='word_1_176' title='bbox 390 2553 456 2624; x_wconf 90' lang='lat' dir='ltr'><strong>tali</strong></span> <span class='ocrx_word' id='word_1_177' title='bbox 480 2549 701 2644; x_wconf 87' lang='lat' dir='ltr'><strong>aequilibrio</strong></span> <span class='ocrx_word' id='word_1_178' title='bbox 725 2549 885 2644; x_wconf 89' lang='lat' dir='ltr'><strong>posrtus,</strong></span> <span class='ocrx_word' id='word_1_179' title='bbox 922 2555 1072 2646; x_wconf 86' lang='lat' dir='ltr'><strong>(nempe</strong></span> <span class='ocrx_word' id='word_1_180' title='bbox 1097 2551 1160 2646; x_wconf 90' lang='lat' dir='ltr'><strong>qui</strong></span> <span class='ocrx_word' id='word_1_181' title='bbox 1184 2553 1289 2625; x_wconf 84' lang='lat' dir='ltr'><strong>nihil</strong></span> 
     </span>
     <span class='ocr_line' id='line_1_25' title="bbox 190 2647 1290 2751; baseline -0.006 -20"><span class='ocrx_word' id='word_1_182' title='bbox 190 2661 293 2731; x_wconf 84' lang='lat' dir='ltr'><strong>aliud</strong></span> <span class='ocrx_word' id='word_1_183' title='bbox 319 2653 492 2751; x_wconf 83' lang='lat' dir='ltr'><strong>percipit,</strong></span> <span class='ocrx_word' id='word_1_184' title='bbox 518 2675 631 2747; x_wconf 85' lang='lat' dir='ltr'><strong>quam</strong></span> <span class='ocrx_word' id='word_1_185' title='bbox 654 2647 750 2737; x_wconf 84' lang='lat' dir='ltr'><strong>fitim</strong></span> <span class='ocrx_word' id='word_1_186' title='bbox 773 2669 810 2722; x_wconf 89' lang='lat' dir='ltr'><strong>et</strong></span> <span class='ocrx_word' id='word_1_187' title='bbox 831 2650 987 2739; x_wconf 87' lang='lat' dir='ltr'><strong>famem,</strong></span> <span class='ocrx_word' id='word_1_188' title='bbox 1014 2653 1126 2724; x_wconf 88' lang='lat' dir='ltr'><strong>talem</strong></span> <span class='ocrx_word' id='word_1_189' title='bbox 1155 2654 1290 2724; x_wconf 86' lang='lat' dir='ltr'><strong>cibum</strong></span> 
     </span>
     <span class='ocr_line' id='line_1_26' title="bbox 190 2749 1289 2851; baseline -0.007 -19"><span class='ocrx_word' id='word_1_190' title='bbox 190 2780 226 2832; x_wconf 88' lang='lat' dir='ltr'><strong>et</strong></span> <span class='ocrx_word' id='word_1_191' title='bbox 243 2762 356 2828; x_wconf 85' lang='lat' dir='ltr'><strong>talem</strong></span> <span class='ocrx_word' id='word_1_192' title='bbox 372 2775 525 2851; x_wconf 88' lang='lat' dir='ltr'><strong>potum,</strong></span> <span class='ocrx_word' id='word_1_193' title='bbox 552 2753 619 2848; x_wconf 88' lang='lat' dir='ltr'><strong>qui</strong></span> <span class='ocrx_word' id='word_1_194' title='bbox 637 2776 753 2848; x_wconf 84' lang='lat' dir='ltr'><strong>aeque</strong></span> <span class='ocrx_word' id='word_1_195' title='bbox 767 2754 812 2824; x_wconf 88' lang='lat' dir='ltr'><strong>ab</strong></span> <span class='ocrx_word' id='word_1_196' title='bbox 830 2777 875 2823; x_wconf 93' lang='lat' dir='ltr'><strong>eo</strong></span> <span class='ocrx_word' id='word_1_197' title='bbox 892 2749 1040 2851; x_wconf 80' lang='lat' dir='ltr'><strong>distant)</strong></span> <span class='ocrx_word' id='word_1_198' title='bbox 1056 2752 1154 2825; x_wconf 86' lang='lat' dir='ltr'><strong>fame</strong></span> <span class='ocrx_word' id='word_1_199' title='bbox 1170 2770 1207 2825; x_wconf 90' lang='lat' dir='ltr'><strong>et</strong></span> <span class='ocrx_word' id='word_1_200' title='bbox 1224 2751 1289 2824; x_wconf 83' lang='lat' dir='ltr'><strong>liti</strong></span> 
     </span>
     <span class='ocr_line' id='line_1_27' title="bbox 188 2854 1286 2957; baseline -0.001 -27"><span class='ocrx_word' id='word_1_201' title='bbox 188 2861 338 2957; x_wconf 79' lang='lat' dir='ltr'><strong>peribit.</strong></span> <span class='ocrx_word' id='word_1_202' title='bbox 389 2858 428 2928; x_wconf 87' lang='lat' dir='ltr'><strong>si</strong></span> <span class='ocrx_word' id='word_1_203' title='bbox 447 2879 508 2926; x_wconf 88' lang='lat' dir='ltr'><strong>me</strong></span> <span class='ocrx_word' id='word_1_204' title='bbox 533 2872 687 2950; x_wconf 82' lang='lat' dir='ltr'><strong>rogant,</strong></span> <span class='ocrx_word' id='word_1_205' title='bbox 725 2879 773 2924; x_wconf 90' lang='lat' dir='ltr'><strong>au</strong></span> <span class='ocrx_word' id='word_1_206' title='bbox 798 2854 883 2924; x_wconf 81' lang='lat' dir='ltr'><strong>talis</strong></span> <span class='ocrx_word' id='word_1_207' title='bbox 906 2857 1023 2927; x_wconf 88' lang='lat' dir='ltr'><strong>homo</strong></span> <span class='ocrx_word' id='word_1_208' title='bbox 1048 2879 1128 2927; x_wconf 88' lang='lat' dir='ltr'><strong>non</strong></span> <span class='ocrx_word' id='word_1_209' title='bbox 1151 2855 1286 2950; x_wconf 77' lang='lat' dir='ltr'><strong>potius</strong></span> 
     </span>
     <span class='ocr_line' id='line_1_28' title="bbox 188 2949 1371 3053; baseline -0.004 -21"><span class='ocrx_word' id='word_1_210' title='bbox 188 2961 329 3049; x_wconf 74' lang='lat' dir='ltr'><strong>atinus,</strong></span> <span class='ocrx_word' id='word_1_211' title='bbox 355 2981 469 3053; x_wconf 87' lang='lat' dir='ltr'><strong>quam</strong></span> <span class='ocrx_word' id='word_1_212' title='bbox 492 2957 608 3030; x_wconf 76' lang='lat' dir='ltr'><strong>honio</strong></span> <span class='ocrx_word' id='word_1_213' title='bbox 626 2953 668 3026; x_wconf 82' lang='lat' dir='ltr'><strong>fir</strong></span> <span class='ocrx_word' id='word_1_214' title='bbox 690 2949 965 3027; x_wconf 72' lang='lat' dir='ltr'><strong>aestimandus?</strong></span> <span class='ocrx_word' id='word_1_215' title='bbox 1000 2957 1106 3046; x_wconf 85' lang='lat' dir='ltr'><strong>dico,</strong></span> <span class='ocrx_word' id='word_1_216' title='bbox 1131 2982 1193 3027; x_wconf 87' lang='lat' dir='ltr'><strong>me</strong></span> <span class='ocrx_word' id='word_1_217' title='bbox 1217 2980 1286 3028; x_wconf 89' lang='lat' dir='ltr'><strong>ne·</strong></span> <span class='ocrx_word' id='word_1_218' title='bbox 1351 2949 1371 3018; x_wconf 48' lang='lat'><em>3</em></span> 
     </span>
     <span class='ocr_line' id='line_1_29' title="bbox 186 3051 1282 3150; baseline -0.006 -14"><span class='ocrx_word' id='word_1_219' title='bbox 186 3063 299 3149; x_wconf 80' lang='lat' dir='ltr'><strong>scire,</strong></span> <span class='ocrx_word' id='word_1_220' title='bbox 324 3079 365 3130; x_wconf 92' lang='lat' dir='ltr'><strong>ut</strong></span> <span class='ocrx_word' id='word_1_221' title='bbox 386 3059 500 3132; x_wconf 89' lang='lat' dir='ltr'><strong>etiam</strong></span> <span class='ocrx_word' id='word_1_222' title='bbox 525 3057 666 3141; x_wconf 81' lang='lat' dir='ltr'><strong>nescio,</strong></span> <span class='ocrx_word' id='word_1_223' title='bbox 702 3056 835 3150; x_wconf 87' lang='lat' dir='ltr'><strong>quanti</strong></span> <span class='ocrx_word' id='word_1_224' title='bbox 858 3051 1107 3129; x_wconf 84' lang='lat' dir='ltr'><strong>aestimandus</strong></span> <span class='ocrx_word' id='word_1_225' title='bbox 1132 3059 1176 3130; x_wconf 83' lang='lat' dir='ltr'><strong>fit</strong></span> <span class='ocrx_word' id='word_1_226' title='bbox 1199 3059 1282 3148; x_wconf 87' lang='lat' dir='ltr'><strong>ille,</strong></span> 
     </span>
     <span class='ocr_line' id='line_1_30' title="bbox 188 3149 1351 3261; baseline -0.002 -27"><span class='ocrx_word' id='word_1_227' title='bbox 188 3166 254 3261; x_wconf 88' lang='lat' dir='ltr'><strong>qui</strong></span> <span class='ocrx_word' id='word_1_228' title='bbox 273 3167 305 3234; x_wconf 79' lang='lat' dir='ltr'><strong>se</strong></span> <span class='ocrx_word' id='word_1_229' title='bbox 322 3161 498 3256; x_wconf 71' lang='lat' dir='ltr'><strong>pentilem</strong></span> <span class='ocrx_word' id='word_1_230' title='bbox 517 3156 604 3230; x_wconf 82' lang='lat' dir='ltr'><strong>facit</strong></span> <span class='ocrx_word' id='word_1_231' title='bbox 627 3159 819 3255; x_wconf 82' lang='lat' dir='ltr'><strong>etquanti</strong></span> <span class='ocrx_word' id='word_1_232' title='bbox 839 3157 1053 3233; x_wconf 78' lang='lat' dir='ltr'><strong>aestimandi</strong></span> <span class='ocrx_word' id='word_1_233' title='bbox 1075 3159 1147 3234; x_wconf 79' lang='lat' dir='ltr'><strong>tint</strong></span> <span class='ocrx_word' id='word_1_234' title='bbox 1158 3164 1282 3258; x_wconf 84' lang='lat' dir='ltr'><strong>pueri,</strong></span> <span class='ocrx_word' id='word_1_235' title='bbox 1349 3149 1351 3155; x_wconf 53' lang='grc'>’</span> 
     </span>
     <span class='ocr_line' id='line_1_31' title="bbox 186 3262 549 3354; baseline -0.028 -15"><span class='ocrx_word' id='word_1_236' title='bbox 186 3263 307 3354; x_wconf 80' lang='lat' dir='ltr'><strong>stulti,</strong></span> <span class='ocrx_word' id='word_1_237' title='bbox 339 3262 465 3338; x_wconf 80' lang='lat' dir='ltr'><strong>vesani</strong></span> <span class='ocrx_word' id='word_1_238' title='bbox 481 3277 549 3332; x_wconf 86' lang='lat' dir='ltr'><strong>etc.</strong></span> 
     </span>
    </p>
   </div>
   <div class='ocr_carea' id='block_1_4' title="bbox 177 3463 1343 4371">
    <p class='ocr_par' dir='ltr' id='par_1_5' title="bbox 177 3463 1343 4280">
     <span class='ocr_line' id='line_1_32' title="bbox 288 3463 1283 3564; baseline -0.002 -21"><span class='ocrx_word' id='word_1_239' title='bbox 288 3463 453 3564; x_wconf 82' lang='lat' dir='ltr'><strong>Superest</strong></span> <span class='ocrx_word' id='word_1_240' title='bbox 479 3463 839 3554; x_wconf 67' lang='lat' dir='ltr'><strong>enceniatum,</strong></span> <span class='ocrx_word' id='word_1_241' title='bbox 869 3485 1056 3562; x_wconf 81' lang='lat' dir='ltr'><strong>quantum</strong></span> <span class='ocrx_word' id='word_1_242' title='bbox 1075 3467 1186 3561; x_wconf 86' lang='lat' dir='ltr'><strong>hujus</strong></span> <span class='ocrx_word' id='word_1_243' title='bbox 1212 3469 1283 3541; x_wconf 83' lang='lat' dir='ltr'><strong>tio-</strong></span> 
     </span>
     <span class='ocr_line' id='line_1_33' title="bbox 183 3562 1283 3668; baseline -0.001 -24"><span class='ocrx_word' id='word_1_244' title='bbox 183 3574 325 3644; x_wconf 89' lang='lat' dir='ltr'><strong>ctrinae</strong></span> <span class='ocrx_word' id='word_1_245' title='bbox 340 3570 509 3665; x_wconf 77' lang='lat' dir='ltr'><strong>cognitio</strong></span> <span class='ocrx_word' id='word_1_246' title='bbox 527 3567 573 3638; x_wconf 92' lang='lat' dir='ltr'><strong>ad</strong></span> <span class='ocrx_word' id='word_1_247' title='bbox 589 3565 697 3638; x_wconf 87' lang='lat' dir='ltr'><strong>usum</strong></span> <span class='ocrx_word' id='word_1_248' title='bbox 713 3570 811 3668; x_wconf 74' lang='lat' dir='ltr'><strong>uitae</strong></span> <span class='ocrx_word' id='word_1_249' title='bbox 836 3562 1023 3657; x_wconf 87' lang='lat' dir='ltr'><strong>conferat,</strong></span> <span class='ocrx_word' id='word_1_250' title='bbox 1045 3572 1148 3664; x_wconf 86' lang='lat' dir='ltr'><strong>quod</strong></span> <span class='ocrx_word' id='word_1_251' title='bbox 1164 3570 1283 3643; x_wconf 83' lang='lat' dir='ltr'><strong>facilc</strong></span> 
     </span>
     <span class='ocr_line' id='line_1_34' title="bbox 184 3671 1283 3768; baseline -0.005 -20"><span class='ocrx_word' id='word_1_252' title='bbox 184 3699 230 3748; x_wconf 82' lang='lat' dir='ltr'><strong>cx</strong></span> <span class='ocrx_word' id='word_1_253' title='bbox 244 3676 301 3745; x_wconf 90' lang='lat' dir='ltr'><strong>his</strong></span> <span class='ocrx_word' id='word_1_254' title='bbox 319 3671 670 3768; x_wconf 82' lang='lat' dir='ltr'><strong>animadvertemus.</strong></span> <span class='ocrx_word' id='word_1_255' title='bbox 722 3673 867 3762; x_wconf 87' lang='lat' dir='ltr'><strong>Nempe</strong></span> <span class='ocrx_word' id='word_1_256' title='bbox 887 3675 932 3740; x_wconf 73' lang='lat'><strong>10·</strong></span> <span class='ocrx_word' id='word_1_257' title='bbox 960 3678 1151 3767; x_wconf 70' lang='lat' dir='ltr'><strong>Quatenus</strong></span> <span class='ocrx_word' id='word_1_258' title='bbox 1166 3672 1283 3743; x_wconf 85' lang='lat' dir='ltr'><strong>docet</strong></span> 
     </span>
     <span class='ocr_line' id='line_1_35' title="bbox 180 3769 1343 3873; baseline -0.003 -25"><span class='ocrx_word' id='word_1_259' title='bbox 180 3801 253 3848; x_wconf 90' lang='lat' dir='ltr'><strong>nos</strong></span> <span class='ocrx_word' id='word_1_260' title='bbox 273 3797 318 3848; x_wconf 79' lang='lat' dir='ltr'><strong>ex</strong></span> <span class='ocrx_word' id='word_1_261' title='bbox 337 3773 413 3844; x_wconf 85' lang='lat' dir='ltr'><strong>solo</strong></span> <span class='ocrx_word' id='word_1_262' title='bbox 430 3773 505 3844; x_wconf 86' lang='lat' dir='ltr'><strong>Dei</strong></span> <span class='ocrx_word' id='word_1_263' title='bbox 527 3789 624 3873; x_wconf 65' lang='lat' dir='ltr'><strong>sputu</strong></span> <span class='ocrx_word' id='word_1_264' title='bbox 644 3795 769 3868; x_wconf 81' lang='lat' dir='ltr'><strong>egere,</strong></span> <span class='ocrx_word' id='word_1_265' title='bbox 795 3771 1022 3866; x_wconf 83' lang='lat' dir='ltr'><strong>divinaeque</strong></span> <span class='ocrx_word' id='word_1_266' title='bbox 1037 3791 1190 3844; x_wconf 85' lang='lat' dir='ltr'><strong>natutae</strong></span> <span class='ocrx_word' id='word_1_267' title='bbox 1207 3769 1282 3844; x_wconf 82' lang='lat' dir='ltr'><strong>effe</strong></span> <span class='ocrx_word' id='word_1_268' title='bbox 1338 3796 1343 3809; x_wconf 92' lang='lat'><em>·</em></span> 
     </span>
     <span class='ocr_line' id='line_1_36' title="bbox 179 3871 1281 3972; baseline -0.001 -25"><span class='ocrx_word' id='word_1_269' title='bbox 179 3881 378 3972; x_wconf 78' lang='lat' dir='ltr'><strong>participes</strong></span> <span class='ocrx_word' id='word_1_270' title='bbox 394 3890 430 3944; x_wconf 92' lang='lat' dir='ltr'><strong>et</strong></span> <span class='ocrx_word' id='word_1_271' title='bbox 447 3897 490 3944; x_wconf 89' lang='lat' dir='ltr'><strong>eo</strong></span> <span class='ocrx_word' id='word_1_272' title='bbox 506 3871 641 3969; x_wconf 81' lang='lat' dir='ltr'><strong>magis,</strong></span> <span class='ocrx_word' id='word_1_273' title='bbox 671 3896 748 3967; x_wconf 92' lang='lat' dir='ltr'><strong>quo</strong></span> <span class='ocrx_word' id='word_1_274' title='bbox 767 3872 1004 3966; x_wconf 80' lang='lat' dir='ltr'><strong>perfectiores</strong></span> <span class='ocrx_word' id='word_1_275' title='bbox 1020 3873 1185 3946; x_wconf 75' lang='lat' dir='ltr'><strong>actiones</strong></span> <span class='ocrx_word' id='word_1_276' title='bbox 1205 3875 1281 3971; x_wconf 76' lang='lat' dir='ltr'><strong>agi-</strong></span> 
     </span>
     <span class='ocr_line' id='line_1_37' title="bbox 178 3950 1278 4072; baseline -0.003 -23"><span class='ocrx_word' id='word_1_277' title='bbox 178 3993 396 4071; x_wconf 72' lang='lat' dir='ltr'><strong>mus-etquo</strong></span> <span class='ocrx_word' id='word_1_278' title='bbox 408 3975 730 4072; x_wconf 63' lang='lat' dir='ltr'><strong>nugismagitque</strong></span> <span class='ocrx_word' id='word_1_279' title='bbox 749 3983 871 4045; x_wconf 78' lang='lat' dir='ltr'><strong>Deum</strong></span> <span class='ocrx_word' id='word_1_280' title='bbox 889 3950 1278 4071; x_wconf 48' lang='lat' dir='ltr'><strong>intelligimusiflaec</strong></span> 
     </span>
     <span class='ocr_line' id='line_1_38' title="bbox 178 4066 1278 4176; baseline -0.002 -28"><span class='ocrx_word' id='word_1_281' title='bbox 178 4103 267 4176; x_wconf 76' lang='lat' dir='ltr'><strong>ergo</strong></span> <span class='ocrx_word' id='word_1_282' title='bbox 286 4078 477 4165; x_wconf 87' lang='lat' dir='ltr'><strong>doctriua,</strong></span> <span class='ocrx_word' id='word_1_283' title='bbox 504 4095 762 4170; x_wconf 81' lang='lat' dir='ltr'><strong>praeterquam</strong></span> <span class='ocrx_word' id='word_1_284' title='bbox 779 4076 882 4170; x_wconf 90' lang='lat' dir='ltr'><strong>quod</strong></span> <span class='ocrx_word' id='word_1_285' title='bbox 899 4066 1066 4154; x_wconf 78' lang='lat' dir='ltr'><strong>animum</strong></span> <span class='ocrx_word' id='word_1_286' title='bbox 1086 4076 1278 4148; x_wconf 87' lang='lat' dir='ltr'><strong>omnimo·</strong></span> 
     </span>
     <span class='ocr_line' id='line_1_39' title="bbox 177 4176 1278 4280; baseline 0.001 -30"><span class='ocrx_word' id='word_1_287' title='bbox 177 4180 223 4252; x_wconf 88' lang='lat' dir='ltr'><strong>de</strong></span> <span class='ocrx_word' id='word_1_288' title='bbox 238 4181 407 4275; x_wconf 81' lang='lat' dir='ltr'><strong>quietum</strong></span> <span class='ocrx_word' id='word_1_289' title='bbox 427 4181 566 4266; x_wconf 80' lang='lat' dir='ltr'><strong>reddit,</strong></span> <span class='ocrx_word' id='word_1_290' title='bbox 591 4177 663 4248; x_wconf 89' lang='lat' dir='ltr'><strong>hoc</strong></span> <span class='ocrx_word' id='word_1_291' title='bbox 685 4177 806 4280; x_wconf 29' lang='lat' dir='ltr'><strong>etiam·</strong></span> <span class='ocrx_word' id='word_1_292' title='bbox 822 4176 952 4265; x_wconf 83' lang='lat' dir='ltr'><strong>hebet,</strong></span> <span class='ocrx_word' id='word_1_293' title='bbox 983 4177 1087 4275; x_wconf 86' lang='lat' dir='ltr'><strong>quod</strong></span> <span class='ocrx_word' id='word_1_294' title='bbox 1110 4203 1182 4254; x_wconf 83' lang='lat' dir='ltr'><strong>nos</strong></span> <span class='ocrx_word' id='word_1_295' title='bbox 1207 4178 1278 4251; x_wconf 83' lang='lat' dir='ltr'><strong>do-</strong></span> 
     </span>
    </p>

    <p class='ocr_par' dir='ltr' id='par_1_6' title="bbox 1205 4303 1278 4371">
     <span class='ocr_line' id='line_1_40' title="bbox 1205 4303 1278 4371; baseline -0.027 -19"><span class='ocrx_word' id='word_1_296' title='bbox 1205 4303 1278 4371; x_wconf 82' lang='lat' dir='ltr'><strong>cet,</strong></span> 
     </span>
    </p>
   </div>
   <div class='ocr_carea' id='block_1_5' title="bbox 0 0 1376 4682">
    <p class='ocr_par' dir='ltr' id='par_1_7' title="bbox 0 0 1376 4682">
     <span class='ocr_line' id='line_1_41' title="bbox 0 0 1376 4682; baseline 0 0"><span class='ocrx_word' id='word_1_297' title='bbox 0 0 1376 4682; x_wconf 95' lang='lat' dir='ltr'><strong> </strong></span> 
     </span>
    </p>
   </div>
  </div>
 </body>
</html>
