2742 4684
215 262 290 391 542}
449 289 652 364 Tuom.
678 257 809 359 ronrr
859 281 955 362 en».
966 286 1049 362 vu„

215 474 342 573 praee,
372 446 458 547 drt'.
486 463 710 544 ostendimus
735 470 876 543 neceffe
889 466 965 563 est,
992 490 1036 545 ut
1055 470 1242 571 plures
1206 497 1307 547 orvet

216 574 457 653 Confiliarios
473 576 604 645 habeat
617 591 655 643 et
669 571 755 669 quie
776 566 970 670 concipere
982 599 1216 671 nequequam
1227 576 1308 671 pos·

217 679 340 749 sumus
387 678 490 773 quod
506 675 646 771 aliquid
664 677 708 743 'de
732 700 769 745 re
791 676 1015 749 ooniulende'
1039 674 1156 785 potest
1180 680 1308 750 conci·

215 780 273 875 pi,
263 781 407 949 ,ipuod
418 798 495 848 tam
511 801 692 873 magnum
720 766 919 874 hominum
945 803 1145 849 numerum
1170 769 1308 882 effu'ge-

217 882 284 965 rit,
326 897 471 974 equitur
489 878 592 974 quod
608 894 750 971 praeter
773 902 905 948 omnes
923 878 1031 969 hujus
1049 878 1212 951 Concilii
1231 874 1307 951 [en-

215 980 368 1067 tentiae,
402 1004 500 1075 quae
503 978 565 1047 ed
602 984 740 1073 Regem
766 974 1002 1068 deferuntur,
1037 976 1142 1051 nulle
1167 980 1307 1077 poterit

209 1084 362 1176 eoncipi
395 1080 439 1150 ed
474 1078 608 1177 populi
645 1077 799 1150 sulutem
837 1078 988 1156 idonee..
1035 1084 1168 1179 Atque
1199 1081 1305 1167 adeo,

210 1183 300 1281 'quie
324 1181 459 1277 populi
488 1182 583 1253 satur
606 1179 772 1274 supreme
803 1180 865 1253 lex
889 1182 950 1253 seu
971 1182 1083 1279 Regis
1114 1181 1306 1253 summum

209 1283 271 1385 jue
288 1280 349 1371 est,
371 1278 576 1379 sequitur,
563 1306 621 1371 lue
636 1282 749 1379 Regis
761 1278 838 1369 etse,
855 1307 970 1353 unam
987 1308 1033 1354 ex
1048 1280 1305 1354 letisConeilii

205 1382 403 1481 ‘sententiis
420 1385 573 1480 eligere,
599 1406 679 1452 non
703 1400 827 1454 eutem
852 1368 980 1466 contre
1004 1384 1120 1463 totius
1139 1382 1305 1459 Concilii

205 1484 375 1556 ‘mentem
402 1486 600 1582 quiequam
627 1482 841 1569 decernere,
872 1484 933 1555 vel
962 1484 1182 1555 sententiam
1207 1482 1305 1555 ferre

204 1578 312 1680 (vide
330 1593 409 1658 Art.
427 1603 488 1673 25.
506 1587 672 1678 praeced
698 1586 816 1679 Cap.)
870 1584 941 1657 Sed
960 1582 1136 1657 [lomnes
1159 1583 1303 1656 senten·

211 1689 282 1760 tiae
305 1690 346 1757 in
371 1678 548 1763 Concilio
575 1688 669 1759 letne
691 1686 738 1757 ed
763 1690 901 1784 Regem
930 1683 1150 1759 deferendae
1176 1682 1302 1773 edent,

211 1787 293 1876 fieri
307 1784 453 1882 postet,
462 1805 522 1857 -nt
546 1792 626 1859 Rex
652 1790 777 1881 parvis
802 1788 976 1879 urbibus,
1012 1813 1106 1886 queo
1127 1787 1302 1905 pauciore

211 1890 349 1986 hebent
376 1881 525 1959 suffre⁰
490 1913 570 1979 gra,
598 1884 752 1988 semper
787 1886 937 1959 faveret.
991 1892 1089 1960 Nem
1128 1888 1300 2005 quamvis

210 2016 256 2061 ex
243 1991 358 2107 l'lege
369 1968 529 2068 Concilii
546 1975 721 2061 statutum
739 1988 800 2078 fit,
768 2007 871 2061 tut
887 1988 1087 2061 sententiae
1107 2014 1186 2061 non
1204 1982 1301 2059 indi-

86 2120 90 2125 ’
209 2081 303 2161 entis
319 2115 446 2162 earum
465 2083 682 2163 authoribus
701 2092 743 2160 dr
747 2089 933 2181 ferantur,
962 2114 1157 2185 nunquam
1175 2108 1301 2161 temen

209 2196 285 2263 tem
306 2196 399 2263 bene
417 2177 547 2263 cerere
565 2210 758 2286 poterunt
785 2208 926 2264 utnon
950 2193 1072 2285 eliqua
1090 2186 1232 2279 effluet,
1260 2213 1301 2261 ao

205 2268 365 2389 proinde
381 2286 575 2375 neeeffario
598 2289 833 2368 statuendum
856 2290 924 2379 est,
952 2310 995 2362 ut
1019 2292 1085 2365 illa
1108 2290 1299 2378 umentia,

208 2418 301 2495 quae
330 2392 482 2467 eentum
511 2396 557 2467 ed
579 2396 783 2466 minimum
815 2348 1008 2515 suffrdgia¹
1011 2418 1093 2465 non
1119 2393 1298 2481 hebuerit,

206 2497 312 2569 irrita
330 2487 517 2592 habeatur,
546 2494 648 2595 quod
665 2496 843 2592 quidem
832 2520 890 2589 Jus
905 2478 1063 2587 majores
1079 2494 1188 2566 urbes
1206 2493 1300 2566 ium·

206 2622 266 2670 mn
283 2625 324 2672 vr
313 2594 537 2672 defendere
552 2596 750 2673 debebunt.

304 2806 335 2884 §-
355 2802 417 2869 VI.
467 2802 591 2891 Atque
605 2799 686 2887 hic,
710 2794 778 2871 nit
799 2798 975 2885 brevitati
993 2794 1195 2885 studerem,
1221 2790 1298 2869 me·

206 2920 298 2997 gnae
308 2896 418 2988 hujus
433 2898 600 2971 Conciiii
612 2901 791 2973 utilitates
803 2900 892 2971 alies
901 2896 1152 2983 ostenderem,
1180 2922 1298 2970 unam

206 3016 349 3084 temen,
385 3010 478 3095 quere
501 3000 656 3074 maximi
682 3000 830 3073 videtur
854 2998 922 3071 effe
944 3003 1148 3087 momenti,
1183 3000 1297 3071 eddu·

204 3124 295 3172 cam.
348 3104 510 3197 Nempe,
539 3102 640 3196 quod
656 3103 809 3173 nullum
826 3104 948 3191 majus
973 3102 1019 3173 od
1042 3103 1223 3174 virtutem
1240 3125 1297 3171 ιιι

205 3201 446 3272 citamentum
464 3202 544 3272 deri
560 3196 699 3297 potest,
728 3202 796 3275 hac
821 3226 1015 3291 eommunr
1003 3200 1093 3297 spe
1108 3202 1298 3275 summum

204 3297 313 3372 hunc
324 3302 509 3375 honorem
527 3304 770 3421 adipiscendi.
796 3328 884 3375 nem
906 3302 1026 3403 gloria
1051 3302 1213 3373 maxime
1230 3304 1298 3375 du-

206 3406 326 3475 cimur
342 3427 494 3493 omnes,
525 3424 566 3476 ut
590 3408 631 3477 in
653 3402 775 3478 nostre
794 3404 924 3479 Ethioa
950 3402 1030 3475 fuse
1056 3386 1297 3477 ostendimus.

191 3608 195 3617 '
302 3608 437 3707 §.vlt
491 3602 591 3702 Quin
618 3604 1175 3702 majorihujusConciliiparti
1198 3626 1299 3694 nun·

73 3718 78 3729 '
203 3730 315 3801 quarn
341 3708 492 3777 animus
518 3706 672 3801 gerendi
703 3706 864 3798 bellum,
890 3708 951 3781 sed
984 3728 1165 3822 magnum
1194 3706 1297 3817 pacis

202 3804 366 3882 studium
395 3821 432 3877 et
454 3832 560 3877 emor
583 3806 722 3903 semper
757 3763 905 3882 furnius
928 3806 990 3898 fit,
1025 3804 1191 3880 dubitari
1212 3799 1297 3879 hon

203 3902 286 4026 [θῶ]
309 3892 438 4006 potest.
486 3909 609 3990 Nam,
634 3908 1010 4007 praeterquamquod
1030 3904 1295 4003 exbe1101pfir

116 4092 120 4099 1
202 4010 319 4080 ιίιιιοι
336 4010 476 4104 semper
489 4008 561 4081 erit
583 4010 761 4085 bonusne
779 4036 864 4082 eum
888 4010 1058 4081 libertate
1080 4006 1292 4127 amittendi,

202 4108 363 4197 recedit,
394 4110 496 4206 quod
512 4110 560 4181 nd
578 4111 719 4191 belluni
744 4136 837 4187 novr
825 4110 1024 4206 sumptus
1041 4108 1292 4203 requirentur,

201 4234 298 4307 quos
314 4210 546 4307 suppeditare
570 4213 727 4304 debent,
749 4240 795 4289 eo
814 4211 926 4289 etiem
949 4210 1052 4311 quod
1066 4208 1233 4307 ipsorum
1248 4208 1295 4281 li-

1212 4309 1293 4384 beri
