2742 4684
159 269 237 349 52¹2·
278 338 290 384 l
379 246 1093 340 Tucrur.ronr.cn.111.

161 435 316 529 attinet,
340 462 483 515 certum
501 439 570 530 est,
593 442 684 515 illos
702 440 748 513 ad
765 466 892 515 veram
904 440 981 513 Dei
1000 436 1265 541 cognitionem

161 566 200 621 et
216 570 402 635 amorem,
430 547 497 641 qui
513 570 614 616 exea
630 540 826 617 necessario
842 542 1018 639 sequitur,
1044 545 1140 615 nilril
1153 568 1264 639 pror

162 646 225 721 sus
246 672 389 733 uvare,
417 670 637 718 necnocere
657 644 778 741 polle3
804 664 913 741 atque
937 647 1028 717 adeo
1053 670 1134 717 non
1161 645 1263 723 tanti

162 747 329 821 faciendi
352 748 457 835 sunt,
489 767 532 819 ut
554 766 709 843 propter
728 745 827 842 ipsos
851 771 925 841 pax
947 763 983 817 et
1007 746 1263 841 tranquillitas

162 850 321 945 publica
330 849 542 943 perturbari
563 865 762 921 merentur.
817 854 1011 920 Caeterum
1031 865 1175 919 eertum
1196 842 1261 933 est,

123 959 127 967 '
163 948 246 1052 [²⁸³]
271 974 330 1020 me
345 957 607 1039 luminatorem,
622 952 695 1023 lroc
710 947 769 1034 est,
790 947 959 1046 (perArt
971 970 1002 1037 3.
1013 973 1132 1047 praec.
1147 948 1262 1042 Cap.)

86 1077 89 1110 2
163 1076 210 1124 ex
244 1053 377 1123 divino
408 1053 574 1141 decreto,
610 1076 702 1125 nont
721 1050 788 1123 esse
820 1052 1015 1145 religionis
1042 1050 1259 1133 vindicem

161 1178 252 1225 natu
268 1155 373 1224 nulla
390 1153 485 1224 mihi
503 1150 572 1239 est,
598 1172 642 1224 ut
665 1154 763 1225 olim
779 1150 917 1224 Christi
927 1154 977 1223 Di
980 1152 1128 1247 scipulis
1152 1152 1265 1247 pote?

160 1252 238 1327 sias
252 1253 338 1343 fuit,
365 1255 536 1353 ejiciendi
551 1254 701 1350 spiritus
717 1253 941 1342 immundoa
953 1270 990 1326 et
1004 1252 1169 1325 faciendi
1185 1254 1259 1325 mi·
1310 1299 1315 1307 ·

75 1371 78 1378 '
131 1357 309 1442 gracula,
337 1380 431 1450 quae
444 1356 528 1426 sane
542 1353 701 1450 poteslas
722 1356 813 1427 adeo
831 1336 1024 1427 necessaria
1041 1351 1089 1426 est
1107 1354 1153 1425 ed
1169 1378 1260 1449 pro·

159 1458 373 1553 purgandam
399 1458 667 1554 Religionem
656 1482 699 1527 ιιι
723 1458 841 1545 locis,
879 1456 946 1527 ubi
972 1456 1170 1531 interdicta
1194 1452 1258 1541 est

85 1598 88 1606 ·
159 1577 206 1629 ut
226 1557 301 1629 line
323 1558 401 1652 ipsa
425 1582 507 1629 non
530 1576 675 1630 tantum
699 1560 824 1631 oleum
848 1574 885 1628 et
907 1582 1036 1651 opera,
1067 1574 1111 1629 ut
1134 1556 1256 1644 aiunt,

158 1660 357 1753 perdatur,
383 1659 443 1730 sed
466 1660 652 1754 plurimae
677 1654 828 1754 insuper
851 1678 1021 1729 creentur
1042 1654 1231 1730 molestiae
1239 1684 1256 1744 3

159 1760 269 1838 euius
288 1761 342 1829 rei
366 1756 610 1832 funestissima
630 1763 798 1857 exempla
826 1759 950 1831 omnir
980 1759 1159 1832 viderunt
1180 1758 1258 1830 sae-
1313 1764 1330 1789 '⁸

158 1862 252 1931 ctttul
309 1862 617 1957 Unusquisque
607 1864 743 1959 agitur,
779 1862 996 1956 ubicunque
1025 1858 1103 1950 Γιι,
1108 1862 1256 1933 'Deum

146 1957 277 2057 ¹potest
315 1982 405 2033 vera
437 1966 558 2033 Retio·
523 1989 636 2061 grone
678 1964 837 2053 colere,
859 1961 999 2059 sibique
1032 1962 1255 2071 prospicere,

135 2063 316 2159 ‘quod
279 2066 352 2135 vrri
369 2064 508 2159 privati
535 2064 700 2137 oslicrum
717 2062 775 2136 est
829 2068 1025 2134 Caeterum
1048 2084 1135 2133 cura
1152 2064 1255 2135 Reli
1311 2139 1318 2157 Ι

155 2164 284 2263 gionis
308 2168 571 2263 propagandae
592 2170 694 2253 Deo,
730 2166 832 2239 vell
831 2166 969 2236 ummis
995 2159 1252 2258 potestatibus,

156 2269 293 2363 quibus
327 2267 416 2338 solis
449 2261 644 2339 incumbit
669 2267 909 2367 Reipublicae
941 2268 1075 2337 habere
1110 2291 1252 2363 curam,

153 2369 426 2477 committenda
447 2368 507 2479 est.
552 2372 631 2442 Sed
646 2370 692 2444 ud
708 2368 940 2467 propositum
959 2386 1134 2441 revertor.

208 2547 290 2658 ξ.
308 2576 372 2645 XI.
423 2579 521 2653 Jure.
532 2571 763 2645 summarum
788 2566 1045 2670 potestatum'
1032 2596 1074 2645 ιιι
1101 2572 1198 2645 ciues
1215 2588 1254 2644 et
1282 2604 1317 2649 s

144 2673 390 2744 ‘subditorum
415 2673 537 2745 officio
562 2676 767 2769 explicato,
793 2670 961 2767 superest,
989 2678 1252 2753 utearunilus

101 2818 108 2832 ·
152 2775 194 2845 in
219 2778 364 2869 reliqua
388 2761 684 2862 conflamus,
719 2775 854 2870 quod'
844 2801 919 2865 Jam
937 2798 983 2845 ex
1007 2774 1118 2845 dictis
1142 2774 1255 2847 facile

152 2877 402 2971 cognoscitur.
455 2882 573 2965 Nam,
601 2876 905 2972 quandoquidem
932 2875 1162 2989 (perssrtn
1185 2874 1253 2945 hu·

143 2978 214 3075 jus
226 2981 318 3071 Cap
321 2990 336 3062 )
345 2983 409 3057 lua
419 2976 584 3048 summae
600 2973 789 3071 potestatis
804 2978 900 3047 nihil
917 2974 962 3049 est
972 2995 1118 3073 praeter
1127 2966 1252 3074 ipsum

150 3082 411 3164 nummulus,
441 3080 606 3175 sequitur
631 3080 750 3149 duo
739 3080 894 3171 imperia
919 3080 999 3148 ad
988 3080 1153 3150 invicem
1178 3079 1254 3150 sese

148 3180 306 3271 habere,
333 3198 378 3250 ut
396 3181 472 3252 duo
504 3180 711 3251 homines
699 3205 742 3250 ιιι
763 3178 858 3252 statu
881 3183 1069 3266 naturali,
1094 3198 1250 3275 excepto

32 3327 44 3363 ,·
148 3281 243 3370 hoo,
270 3283 373 3376 qnod
390 3282 527 3354 Civitas
545 3278 613 3351 fibi
635 3306 765 3352 cavere
787 3276 926 3375 potest,
950 3308 999 3351 ne
1022 3284 1068 3352 ab
1092 3281 1162 3352 alia
1183 3308 1250 3376 op·

41 3376 44 3385 ’
105 3388 109 3399 “
147 3384 483 3503 prumatur‚]qnod
501 3387 617 3453 homo
642 3386 681 3451 in
707 3380 798 3453 statu
822 3380 987 3453 naturali
1011 3380 1248 3479 nonpotest,

37 3558 41 3562 ,
147 3487 332 3557 nimirum
354 3512 420 3582 qur
408 3484 605 3581 'quotidie
625 3484 770 3571 somno,
798 3486 902 3579 saepe
918 3484 1064 3571 inorbo,
1091 3504 1156 3555 aut
1169 3486 1250 3554 ani·

147 3590 200 3656 mi
218 3589 451 3685 aegritudine
466 3604 504 3657 ιι
521 3585 671 3657 tandem
695 3585 879 3658 senectute
903 3600 1078 3680 gravatur
1095 3605 1128 3658 et
1145 3608 1250 3682 prae·

146 3706 203 3758 nr
232 3692 318 3760 haec
352 3691 435 3760 aliis
469 3683 726 3759 incommodis
752 3684 797 3759 est
826 3687 1036 3776 obnoxius,
1064 3688 1249 3787 aquibus

147 3790 254 3862 Citit
257 3817 285 3865 ιι
305 3791 470 3866 securam
487 3790 522 3859 se
537 3787 690 3859 reddere
710 3786 841 3885 potest.
1149 3888 1168 3927 ο

247 4001 280 4085 §.
297 3999 372 4067 ΧΠ
438 3965 575 4063 Civitas
592 3993 712 4087 igitur
726 3991 878 4065 eatenus
887 3992 950 4063 'sui
965 3991 1059 4084 juris
1071 3986 1132 4079 est,
1159 3988 1249 4089 qua·

133 4106 253 4162 ‘ter-n.
274 4096 336 4165 tn·
304 4125 358 4167 ι
351 4096 553 4169 consulere
571 4114 605 4163 et
633 4118 761 4165 cavere
785 4092 924 4189 potest,
945 4120 995 4165 ne
1019 4096 1065 4164 ab
1090 4094 1161 4163 alia
1180 4114 1249 4195 op·-

37 4185 41 4198 ’
140 4201 262 4337 prima
266 4217 347 4291 tur,
391 4214 470 4296 (per
494 4204 778 4291 Art.9et15.
809 4206 932 4293 praec.
961 4200 1131 4294 Cap.)ot
1085 4212 1260 4389 qper.

1196 4314 1233 4366 rt
