2742 4684
345 356 350 366 ,
463 247 531 362 ps
552 262 845 370 monsacutus,
1110 230 1192 372 54‘7'

94 438 283 531 quemqrie
301 432 343 505 in
366 433 560 532 negotiis,
575 458 669 531 quae
683 418 756 508 'diu
780 457 919 533 magno
943 458 1030 513 curn
1052 420 1187 515 affectu

96 540 282 624 exercuit,
313 535 399 609 latis
426 536 602 608 callidum
628 555 737 633 atque
766 535 927 609 astutum
953 538 1029 613 elle.
1090 550 1187 639 Qua-

96 655 252 734 propter
268 636 294 708 fi
312 635 411 711 nulli
440 638 504 707 alii
527 638 733 733 eligantur,
760 630 830 708 ¹nist
851 640 899 727 ii,
926 642 992 736 qui
1015 644 1060 713 ad
1076 618 1187 737 quiri-

99 739 357 835 quagelimum
383 740 510 835 aetatis
534 734 676 809 annum
698 733 821 833 ‘usque
851 742 1001 837 negotia
1026 744 1088 814 sua
1109 741 1187 818 line

97 838 312 934 ignominia
336 852 603 926 exercuerunt,
627 839 713 910 satis
742 841 819 933 apti
845 860 969 927 erunt,
1001 861 1045 915 ut
1069 842 1187 916 confi·
1307 926 1310 933 Δ

96 952 153 1025 lia
169 968 226 1016 res
249 941 329 1012 [uas
353 940 613 1038 concernentia
639 940 724 1011 dare
746 935 898 1035 pollint,
930 938 1188 1037 praesertimli
1251 1010 1253 1013 ,

77 1050 142 1124 ’iri
168 1046 278 1119 rebus
302 1042 453 1133 majoris
476 1040 653 1137 ponderis
685 1049 832 1135 'tempus
857 1044 903 1113 ad
927 1046 1188 1119 meditandum

98 1147 338 1226 concedatur.
390 1140 614 1237 Adde-quod
630 1144 743 1237 longe
763 1138 877 1230 abest,
904 1160 947 1213 ut
963 1147 1206 1235 Concilium,-
1240 1160 1247 1169 ’
1273 1142 1275 1147 ’

100 1250 205 1350 quod
230 1245 358 1342 paucis
382 1239 541 1331 conflat,
556 1239 790 1314 ‘alimilibus
813 1270 891 1313 non
919 1243 1189 1341 frequentetur.

99 1358 203 1427 Nam
218 1363 347 1419 contra
362 1348 525 1421 maxima
538 1340 618 1432 ejus
635 1368 720 1439 pars
735 1368 781 1415 ex
797 1344 1012 1418 hominibus
1030 1348 1190 1435 eiulmo·
1270 1380 1280 1407 ν

101 1445 320 1535 ὀὶόοιιῐίεῑ,
347 1445 652 1543 quandoquidem
678 1445 931 1540 unusquisque
953 1446 1008 1517 ibi
1028 1451 1191 1521 maxime

100 1572 261 1629 conatur
275 1547 393 1619 socios
410 1547 542 1617 habere
556 1546 722 1633 bardos,
753 1546 816 1639 qui
831 1549 875 1615 ab
889 1544 1002 1640 iplius
1019 1573 1083 1620 ore
1099 1575 1191 1645 pen-

101 1657 232 1743 deant,
259 1650 360 1747 quod
374 1649 417 1720 in
441 1648 589 1747 magnis
607 1648 789 1744 conciliis
811 1648 941 1719 locum
964 1662 1044 1757 no'n
1067 1652 1189 1731 habet.

155 1935 160 1945 ,
207 1853 237 1951 l
253 1858 298 1926 V.
324 1858 510 1925 Praeterea
527 1869 668 1924 certum
677 1848 736 1937 est,
761 1862 1066 1949 unumquemque
1080 1856 1193 1929 malle
1275 1912 1282 1922 ,

103 1965 248 2059 regere,
274 1980 387 2051 quam
411 1955 500 2052 regi.
550 1960 670 2025 Nemo
697 1953 798 2025 enim
825 1954 961 2027 'volens
989 1957 1192 2051 imperium
1300 1990 1303 1999 >

105 2062 214 2151 alteri
230 2056 420 2144 concedit,
442 2074 492 2139 ,ut
514 2056 626 2127 habet
642 2052 818 2127 Salustius
838 2056 878 2127 in
897 2056 1018 2151 prims
1039 2058 1084 2127 nd
1103 2064 1192 2143 Cae·

35 2174 41 2181 '
102 2164 223 2235 larem
239 2159 421 2233 oratione.
469 2164 525 2228 Ac
544 2153 708 2251 proinde
722 2175 842 2250 patet,
867 2157 971 2251 quod
988 2158 1193 2247 multitudp

3 2264 11 2269 ’
103 2263 251 2360 int‘cgra
274 2282 468 2354 nunquam
495 2257 556 2349 jus
587 2256 695 2328 suum
719 2259 759 2327 in
781 2282 938 2353 paucos,
971 2276 1037 2329 aut
1070 2284 1195 2331 unum

105 2360 327 2449 transferet,
359 2358 508 2442 fiintsr
529 2358 643 2453 ipsam
668 2360 872 2429 convenire
896 2354 1022 2453 postu,
1053 2384 1122 2431 nec
1147 2384 1195 2431 ex

79 2460 386 2559 ,controverliim
421 2486 514 2557 quae
538 2461 758 2555 plerumque
780 2461 822 2533 in
848 2462 994 2557 magnis
1014 2460 1195 2533 Consiliis

105 2565 335 2650 excitantur,
361 2564 404 2632 in
419 2560 615 2633 seditiones
637 2562 713 2652 ire;
738 2578 846 2659 atque
872 2562 963 2632 adeo
986 2562 1194 2634 multitudo

106 2667 280 2761 idlibere
296 2663 561 2735 tantummodo
578 2665 619 2733 in
636 2666 776 2759 Regem
793 2661 987 2749 transfert,
1014 2662 1116 2761 quod
1134 2665 1197 2736 ab·

105 2768 227 2844 solute
240 2768 280 2837 in
298 2762 472 2861 potestate
491 2764 569 2857 ipsa
591 2764 726 2833 habere
749 2764 897 2857 nequit,
924 2766 997 2835 hoc
1013 2761 1080 2855 est,
1106 2790 1198 2839 oon·

106 2865 368 2942 troverllarum
392 2866 681 2961 diremptionem
705 2866 804 2937 etin
835 2864 1066 2938 decernendo
1091 2890 1198 2963 expe·

47 3052 54 3059 ,
106 2967 306 3043 ditionem.
357 2973 452 3037 Nam
472 2968 575 3061 quod
594 2966 697 3060 saepe
719 2967 830 3038 etiam
850 2963 912 3055 lit,
945 2985 987 3037 ut
1003 2971 1085 3041 Rex
1108 2967 1200 3041 belli

96 3070 214 3169 'causa
235 3071 414 3167 eligatur,
441 3072 530 3163 q'uia
554 3067 693 3139 scilicet
716 3059 855 3140 bellurn
878 3095 898 3140 a
925 3070 1091 3166 Regibus
1117 3064 1199 3172 [³⁰⁴]

106 3174 234 3247 multo
258 3169 406 3241 felicius
429 3171 589 3265 geritur,
624 3167 768 3241 inscitia
798 3169 886 3241 sane
917 3166 984 3259 est,
1019 3172 1201 3247 nimirum

107 3272 233 3371 quod,
260 3290 302 3342 ut
313 3270 456 3343 bellum
477 3265 623 3341 felicius
646 3279 797 3369 gerant,
822 3272 864 3341 in
883 3295 971 3365 pace
988 3270 1123 3345 servire
1138 3295 1201 3342 ve·
1222 3280 1224 3289 '

107 3378 207 3457 lint3
242 3370 268 3444 fi
291 3370 444 3468 quidem
466 3396 542 3467 pax
570 3396 613 3442 eo
640 3370 681 3440 in
708 3369 869 3467 imperio
895 3370 1011 3467 potest
1037 3372 1200 3467 concipi,

95 3472 215 3565 [cujus
233 3474 376 3546 summa
395 3469 551 3570 poteftas
565 3470 642 3544 sola
660 3472 751 3542 belli
769 3473 872 3543 causa
888 3474 928 3544 in
946 3498 1064 3545 unum
1086 3493 1202 3545 trans·

107 3576 185 3649 lata
197 3572 267 3660 eft,
292 3575 358 3672 qui
376 3592 574 3669 propterea
586 3576 763 3646 virtutem
790 3574 891 3646 suam
908 3594 944 3645 et
961 3576 1053 3669 quid
1069 3582 1201 3649 omnes

88 3676 150 3760 ‚in
175 3674 255 3771 ipso
280 3700 359 3747 uno
388 3676 570 3761 habeant,
602 3674 767 3745 maxime
791 3678 833 3745 in
865 3676 984 3763 bello,
1016 3672 1204 3749 ostendere

107 3772 257 3878 potesta
285 3802 374 3848 cum
405 3790 535 3848 contra
565 3768 768 3872 imperiun‘l
798 3776 1100 3853 Democraticum
1133 3780 1206 3849 hoc

108 3879 355 3977 praecipuum
379 3877 529 3969 habeat,
555 3878 659 3973 quod
684 3875 763 3968 ojus
788 3879 909 3949 virtus
935 3878 1066 3949 multo.
1085 3878 1205 3975 magis

94 3972 152 4053 ⁸in
176 4004 286 4077 pace,
321 4004 433 4075 quam
458 3979 507 4072 in,
533 3978 634 4050 bello
654 3980 766 4054 valet.
818 3979 889 4051 Sed
914 4004 1136 4077 quacunque
1158 3982 1205 4053 de

97 4080 218 4155 'caula
235 4086 317 4154 Rex
334 4080 503 4177 eligatur,
529 4079 605 4175 ipsa
620 4080 732 4166 solus,
759 4084 802 4151 rit
816 4083 893 4173 jam
910 4079 1089 4172 diximus,
1114 4083 1207 4178 quid
1268 4110 1274 4118 ·

109 4183 274 4280 imperio
298 4183 395 4259 utile
418 4178 481 4270 lit,
515 4180 782 4280 lcireynequit3
813 4181 876 4255 led
898 4182 1064 4275 adhoc,
1096 4186 1207 4257 utin

1087 4307 1212 4385 prator·
