2742 4684
204 320 280 441 25²2
450 347 476 364 ‘'
564 351 626 419 De
649 351 925 419 Iuranrrcrus

309 532 441 674 Quoad
472 552 644 625 ordinem
676 578 797 645 vero,
838 570 876 625 et
903 570 946 623 ut
976 576 1108 627 omnes
1140 548 1292 627 nosira'i

205 655 470 774 perceptiones
489 658 728 736 ordinentur,
771 674 808 729 et
838 657 1035 747 uniantur,
1072 658 1293 751 requiritur,

205 764 274 852 uti,
301 784 590 857 quamprrmum
598 759 678 831 sien
693 756 833 855 potest
858 776 893 830 et
906 766 1003 830 ratro
1021 754 1247 863 postulat
1233 780 1296 831 ιιι·

91 910 96 920 ,
203 867 419 976 quiramus,
446 888 493 933 an
510 863 618 934 detur
641 864 833 969 quoddam
856 860 941 951 e'n'd,
975 880 1012 933 et
1036 844 1146 935 simul
1167 864 1318 959 quale,·

172 972 176 979 '
203 968 308 1065 ''quod
323 966 367 1039 sit
389 970 562 1056 omnium
579 990 721 1036 rerum·
712 959 845 1069 ·caula,
880 982 922 1035 ιιι
947 964 1025 1057 ejus
1051 958 1200 1039 essentia
1226 966 1296 1037 ob·

206 1072 342 1165 jectiva
362 1068 406 1143 fit
421 1070 531 1139 etiam
549 1069 653 1140 causa
677 1064 851 1141 omnium
877 1054 1085 1139 nostrarum
1107 1066 1297 1156 idearum,

207 1193 246 1249 et
268 1191 350 1245 tum
374 1197 482 1245 mens
506 1168 647 1261 nostra,
686 1172 745 1242 uti
760 1156 956 1259 diximus,
990 1193 1101 1267 quam
1124 1172 1296 1244 maxime

207 1274 344 1351 referet
357 1282 550 1347 Naturam
583 1229 684 1360 Nrirn
703 1292 740 1347 et
754 1272 869 1370 ipsius
887 1269 1096 1362 essentiam,
1130 1290 1167 1348 et
1192 1274 1297 1347 ordi·

136 1446 142 1458 .
207 1406 317 1470 nem,
350 1378 586 1451 etunionem
601 1379 753 1478 habebit
781 1367 1065 1483 objectiva&
1041 1330 1149 1449 Uride
1171 1376 1297 1474 pollu'·

208 1508 296 1557 mue
318 1482 467 1569 videre,
513 1482 681 1577 apprime
703 1482 815 1553 noltis
840 1470 909 1553 elle
940 1474 1201 1568 necessarium,
1248 1498 1298 1552 ut

207 1582 355 1681 semper
376 1610 396 1656 a
417 1582 530 1655 rebus
555 1582 737 1681 physicis,
777 1566 855 1655 'sive
879 1584 925 1655 ab
950 1583 1102 1655 entibus
1126 1536 1297 1656 realibus

208 1712 343 1763 omnes
365 1682 533 1760 nostrae
537 1687 673 1762 ideaa'
686 1686 943 1775 deducamus,
1002 1686 1298 1784 progrediendo,

209 1790 380 1889 quoad
347 1814 427 1879 eJua
447 1788 528 1861 sieri
544 1786 680 1885 potest,
715 1790 920 1864 secundum
945 1788 1076 1863 seriem
1098 1790 1297 1863 causarum

209 1897 256 1967 ab
276 1917 355 1965 uno
377 1908 463 1964 ente
477 1893 570 1968 reali
587 1895 631 1965 ad
650 1893 753 1965 aliud
771 1918 836 1967 ens
854 1892 971 1981 reale,
1005 1912 1042 1964 et
1057 1896 1108 1965 ita
1126 1894 1298 1991 quidem,

208 2013 251 2067 ut
269 1996 316 2067 ad
332 1988 524 2084 ablir'acta,
552 2014 589 2068 et
603 1996 826 2071 universalia
842 2022 920 2069 non
939 1982 1041 2067 trans
1039 2022 1186 2087 eamus,
1213 1994 1299 2069 sive

207 2116 252 2169 ut
276 2099 370 2171 ab⁰
344 2121 392 2170 ne
418 2051 561 2195 aliquid
585 2101 683 2172 reale
713 2125 794 2173 non
824 2102 1113 2197 concludamus,
1141 2098 1224 2173 sive
1250 2102 1298 2172 ιιι

197 2227 267 2322 φρ
282 2202 329 2275 ab
354 2201 481 2314 aliquo
513 2203 605 2280 reali
632 2228 713 2301 non
747 2202 1028 2276 concludantur.
1083 2188 1299 2298 Utrumque

207 2306 311 2381 enim
348 2285 502 2379 veturii
493 2289 744 2412 progressum
782 2292 952 2378 intellect
939 2324 997 2377 tus
1034 2306 1297 2403 interrumpit.

207 2410 279 2482 Sed
302 2390 553 2495 notandum,
577 2414 638 2481 ine
669 2412 731 2481 hic
760 2436 823 2504 per
846 2392 976 2482 seriem
1003 2412 1211 2501 causarum,
1257 2426 1298 2481 et

205 2514 367 2585 realium
389 2515 534 2584 entium
565 2538 645 2583 non
675 2515 888 2610 intellrgere
923 2514 1049 2587 seriem
1075 2535 1200 2584 rerum
1225 2508 1299 2585 siri·

206 2617 397 2716 galerium
415 2616 677 2731 mutabilium
712 2616 773 2689 sed
798 2618 1063 2689 tantummodo
1089 2616 1220 2709 seriem
1240 2642 1297 2688 re·
1339 2700 1343 2711 1

205 2744 290 2789 rum
308 2716 469 2790 fixarum
498 2717 818 2821 aeie'rnarumqire
883 2722 1023 2792 Seriem
1047 2724 1149 2791 enirn
1165 2738 1295 2813 rerum

204 2819 451 2918 singularium
475 2825 718 2895 mutabilium
743 2808 965 2919 inrposliblle
981 2820 1082 2895 soret
1105 2824 1295 2894 humanae

204 2922 461 3013 imbecillitati
481 2924 642 3021 assequi,
696 2952 781 2997 cunr
807 2946 957 3022 propter
982 2950 1110 2998 earum
1136 2949 1294 2998 omnem

200 3050 408 3101 numerum
417 3025 666 3124 superantem
696 3030 1000 3119 multitudinem,
1035 3047 1116 3100 tum
1140 3046 1296 3123 propter

201 3127 372 3234 infinitae
386 3128 707 3205 circumstantias
696 3158 737 3204 ιιι
755 3158 829 3206 una
847 3151 883 3205 et
900 3087 1028 3206 eadein
1044 3158 1104 3221 re,
1130 3156 1293 3229 quarum

36 3336 40 3344 Ι
155 3320 167 3327 .
199 3224 448 3332 unaquaeque
464 3230 665 3329 potestesse
681 3237 800 3325 causa,
828 3254 870 3309 ut
885 3258 943 3310 res
961 3232 1101 3324 exiliat,
1130 3252 1293 3307 autnon

199 3332 366 3415 existat.
420 3339 734 3444 Quandoquidem
767 3364 895 3413 carum
920 3340 1116 3413 existentia
1142 3340 1293 3412 nullam

198 3438 315 3512 habet
338 3443 618 3515 connexionem
648 3469 736 3517 curn
768 3444 971 3517 earundem
1000 3438 1168 3527 essentia,
1212 3439 1290 3514 live

195 3542 286 3637 (ut
272 3568 350 3633 Jam
365 3542 550 3641 diximus)
567 3572 647 3625 non
664 3542 715 3619 esi
731 3564 879 3619 aeterna
896 3547 1045 3619 veritas.
1108 3552 1290 3618 Verume·

194 3644 373 3721 nimvero
395 3672 519 3745 neque
552 3652 665 3721 etiarn
690 3675 786 3743 opus
812 3646 880 3739 est,
932 3668 975 3720 ur
999 3674 1125 3722 earum
1154 3648 1291 3719 seriem

193 3748 473 3849 intelligamus·
506 3743 688 3849 siquidem
705 3778 831 3824 rerum
856 3708 1101 3851 singularium
1127 3748 1289 3821 murabi-

30 3927 34 3937 f
117 3946 120 3952 Ι
189 3851 290 3925 lium
306 3852 476 3930 essentiae
497 3880 579 3927 ιιοιι
600 3854 686 3926 sunt
710 3858 987 3951 depromendae
1010 3857 1056 3926 ab
1082 3878 1210 3927 aarum
1238 3852 1329 3923 ses.

165 3954 264 4053 wie,
291 3956 371 4032 sire
389 3958 524 4031 ordine
547 3884 871 4049 exiliendi310um
894 3960 956 4031 hic
973 3959 1072 4031 nihil
1094 3956 1198 4029 aliud
1219 3980 1289 4026 no·

70 4151 76 4155 .
148 4056 248 4130 'bis
305 4062 481 4157 praebeat
537 4056 701 4156 praeter
739 4062 1072 4133 denominationes
1139 4058 1286 4131 extrin-

184 4161 310 4253 secae,
337 4164 562 4251 relationes,
597 4183 661 4235 aut
684 4164 731 4236 ad
753 4164 943 4237 summum
970 4158 1262 4236 circumstantias
1272 4184 1286 4251 3

183 4290 279 4361 quae
308 4265 438 4339 omnia
460 4268 576 4364 longe
593 4266 727 4338 absunt
743 4268 815 4339 ab'
804 4270 939 4339 antima
965 4264 1115 4341 essentia
1143 4290 1280 4336 rerum.

181 4374 285 4445 Haec
307 4386 560 4447 remeantum
576 4366 626 4445 esi
649 4372 811 4468 petenda
838 4394 858 4445 a
876 4370 991 4461 fixis,
1027 4389 1138 4467 arque
1166 4386 1278 4441 aeter-

1216 4470 1276 4541 nie
