<?xml version="1.0" encoding="UTF-8"?>
<!DOCTYPE html PUBLIC "-//W3C//DTD XHTML 1.0 Transitional//EN"
    "http://www.w3.org/TR/xhtml1/DTD/xhtml1-transitional.dtd">
<html xmlns="http://www.w3.org/1999/xhtml" xml:lang="en" lang="en">
 <head>
  <title>
</title>
<meta http-equiv="Content-Type" content="text/html;charset=utf-8" />
  <meta name='ocr-system' content='tesseract 3.04.00' />
  <meta name='ocr-capabilities' content='ocr_page ocr_carea ocr_par ocr_line ocrx_word'/>
</head>
<body>
  <div class='ocr_page' id='page_1' title='image "benedictidespin00paulgoog_0376.png"; bbox 0 0 2742 4684; ppageno 0'>
   <div class='ocr_carea' id='block_1_1' title="bbox 426 109 665 209">
    <p class='ocr_par' dir='ltr' id='par_1_1' title="bbox 426 109 665 209">
     <span class='ocr_line' id='line_1_1' title="bbox 426 109 665 209; baseline 0 -1"><span class='ocrx_word' id='word_1_1' title='bbox 426 109 665 209; x_wconf 74' lang='lat' dir='ltr'>&#39;t.</span> 
     </span>
    </p>
   </div>
   <div class='ocr_carea' id='block_1_2' title="bbox 469 286 1191 413">
    <p class='ocr_par' dir='ltr' id='par_1_2' title="bbox 469 286 1191 413">
     <span class='ocr_line' id='line_1_2' title="bbox 469 286 1191 413; baseline 0.006 -21"><span class='ocrx_word' id='word_1_2' title='bbox 469 318 535 392; x_wconf 80' lang='lat' dir='ltr'>De</span> <span class='ocrx_word' id='word_1_3' title='bbox 563 332 813 409; x_wconf 72' lang='lat' dir='ltr'>morincurt.</span> <span class='ocrx_word' id='word_1_4' title='bbox 837 326 839 329; x_wconf 82' lang='grc'><strong>’</strong></span> <span class='ocrx_word' id='word_1_5' title='bbox 866 326 868 329; x_wconf 82' lang='grc'><strong>’</strong></span> <span class='ocrx_word' id='word_1_6' title='bbox 918 286 949 336; x_wconf 70' lang='lat'>&#39;²</span> <span class='ocrx_word' id='word_1_7' title='bbox 1117 338 1191 413; x_wconf 76' lang='lat'>339</span> 
     </span>
    </p>
   </div>
   <div class='ocr_carea' id='block_1_3' title="bbox 1 498 1277 1612">
    <p class='ocr_par' dir='ltr' id='par_1_3' title="bbox 1 498 1277 1612">
     <span class='ocr_line' id='line_1_3' title="bbox 100 498 1277 603; baseline 0.002 -28"><span class='ocrx_word' id='word_1_8' title='bbox 100 499 277 592; x_wconf 83' lang='lat' dir='ltr'>functus,</span> <span class='ocrx_word' id='word_1_9' title='bbox 303 502 365 576; x_wconf 80' lang='lat' dir='ltr'>&#39;vel</span> <span class='ocrx_word' id='word_1_10' title='bbox 381 502 447 597; x_wconf 91' lang='lat' dir='ltr'>qui</span> <span class='ocrx_word' id='word_1_11' title='bbox 463 503 504 573; x_wconf 91' lang='lat' dir='ltr'>in</span> <span class='ocrx_word' id='word_1_12' title='bbox 531 503 742 598; x_wconf 77' lang='lat' dir='ltr'><strong>catalogum</strong></span> <span class='ocrx_word' id='word_1_13' title='bbox 768 498 1024 603; x_wconf 85' lang='lat' dir='ltr'>eligendorum</span> <span class='ocrx_word' id='word_1_14' title='bbox 1048 510 1186 581; x_wconf 81' lang='lat' dir='ltr'>relatus</span> <span class='ocrx_word' id='word_1_15' title='bbox 1256 567 1277 591; x_wconf 64' lang='grc'>,.</span> 
     </span>
     <span class='ocr_line' id='line_1_4' title="bbox 102 602 1189 705; baseline 0.009 -30"><span class='ocrx_word' id='word_1_16' title='bbox 102 602 173 693; x_wconf 83' lang='lat' dir='ltr'>elt,</span> <span class='ocrx_word' id='word_1_17' title='bbox 199 607 241 675; x_wconf 90' lang='lat' dir='ltr'>in</span> <span class='ocrx_word' id='word_1_18' title='bbox 256 602 367 697; x_wconf 85' lang='lat' dir='ltr'>iplius</span> <span class='ocrx_word' id='word_1_19' title='bbox 383 605 510 674; x_wconf 84' lang='lat' dir='ltr'>locum</span> <span class='ocrx_word' id='word_1_20' title='bbox 532 606 675 675; x_wconf 88' lang='lat' dir='ltr'>mittere</span> <span class='ocrx_word' id='word_1_21' title='bbox 692 606 810 678; x_wconf 86' lang='lat' dir='ltr'>debet.</span> <span class='ocrx_word' id='word_1_22' title='bbox 862 606 973 705; x_wconf 84' lang='lat' dir='ltr'>Quod</span> <span class='ocrx_word' id='word_1_23' title='bbox 990 607 1017 680; x_wconf 88' lang='lat' dir='ltr'>li</span> <span class='ocrx_word' id='word_1_24' title='bbox 1034 612 1189 702; x_wconf 34' lang='lat' dir='ltr'>necfhoo</span> 
     </span>
     <span class='ocr_line' id='line_1_5' title="bbox 103 703 1187 802; baseline 0.006 -27"><span class='ocrx_word' id='word_1_25' title='bbox 103 703 253 794; x_wconf 83' lang='lat' dir='ltr'>fecerit,</span> <span class='ocrx_word' id='word_1_26' title='bbox 285 706 343 775; x_wconf 84' lang='lat' dir='ltr'>sed</span> <span class='ocrx_word' id='word_1_27' title='bbox 361 706 462 800; x_wconf 89' lang='lat' dir='ltr'>quod</span> <span class='ocrx_word' id='word_1_28' title='bbox 481 704 691 777; x_wconf 84' lang='lat' dir='ltr'>Concilium</span> <span class='ocrx_word' id='word_1_29' title='bbox 717 725 867 802; x_wconf 87' lang='lat' dir='ltr'>propter</span> <span class='ocrx_word' id='word_1_30' title='bbox 883 708 959 796; x_wconf 88' lang='lat' dir='ltr'>ejus</span> <span class='ocrx_word' id='word_1_31' title='bbox 987 708 1187 783; x_wconf 81' lang='lat' dir='ltr'>absentia&#39;m</span> 
     </span>
     <span class='ocr_line' id='line_1_6' title="bbox 103 806 1235 902; baseline 0.006 -25"><span class='ocrx_word' id='word_1_32' title='bbox 103 831 185 879; x_wconf 84' lang='lat' dir='ltr'>rem</span> <span class='ocrx_word' id='word_1_33' title='bbox 202 807 366 902; x_wconf 81' lang='lat' dir='ltr'>aliquem</span> <span class='ocrx_word' id='word_1_34' title='bbox 390 808 653 878; x_wconf 83' lang='lat' dir='ltr'><strong>consulendam</strong></span> <span class='ocrx_word' id='word_1_35' title='bbox 676 808 717 877; x_wconf 89' lang='lat' dir='ltr'>in</span> <span class='ocrx_word' id='word_1_36' title='bbox 741 808 839 881; x_wconf 86' lang='lat' dir='ltr'>diem</span> <span class='ocrx_word' id='word_1_37' title='bbox 866 806 1010 882; x_wconf 76' lang='lat' dir='ltr'>dIfferre</span> <span class='ocrx_word' id='word_1_38' title='bbox 1037 832 1186 897; x_wconf 82' lang='lat' dir='ltr'>coactus</span> <span class='ocrx_word' id='word_1_39' title='bbox 1233 830 1235 845; x_wconf 81' lang='lat'><em>&#39;</em></span> 
     </span>
     <span class='ocr_line' id='line_1_7' title="bbox 103 902 1203 1001; baseline 0.003 -23"><span class='ocrx_word' id='word_1_40' title='bbox 103 902 240 993; x_wconf 82' lang='lat' dir='ltr'>fuerit,</span> <span class='ocrx_word' id='word_1_41' title='bbox 274 906 416 977; x_wconf 74' lang='lat' dir='ltr'>summe</span> <span class='ocrx_word' id='word_1_42' title='bbox 442 908 566 1001; x_wconf 79' lang='lat' dir='ltr'>aliqua</span> <span class='ocrx_word' id='word_1_43' title='bbox 592 908 771 1001; x_wconf 82' lang='lat' dir='ltr'>pecuniae</span> <span class='ocrx_word' id='word_1_44' title='bbox 796 906 953 981; x_wconf 79' lang='lat' dir='ltr'>sensibili</span> <span class='ocrx_word' id='word_1_45' title='bbox 974 912 1203 995; x_wconf 55' lang='lat' dir='ltr'>mulctetur„</span> 
     </span>
     <span class='ocr_line' id='line_1_8' title="bbox 104 1008 1186 1113; baseline 0.004 -33"><span class='ocrx_word' id='word_1_46' title='bbox 104 1008 176 1080; x_wconf 75' lang='lat' dir='ltr'>Sed</span> <span class='ocrx_word' id='word_1_47' title='bbox 191 1009 263 1078; x_wconf 86' lang='lat' dir='ltr'>hoc</span> <span class='ocrx_word' id='word_1_48' title='bbox 278 1008 586 1104; x_wconf 84' lang='lat' dir='ltr'>intelligendum,</span> <span class='ocrx_word' id='word_1_49' title='bbox 619 1010 769 1103; x_wconf 85' lang='lat' dir='ltr'>quando</span> <span class='ocrx_word' id='word_1_50' title='bbox 789 1009 949 1105; x_wconf 71' lang='lat' dir='ltr'>qufleftio</span> <span class='ocrx_word' id='word_1_51' title='bbox 967 1012 1014 1085; x_wconf 83' lang='lat' dir='ltr'>cll</span> <span class='ocrx_word' id='word_1_52' title='bbox 1033 1014 1077 1085; x_wconf 89' lang='lat' dir='ltr'>de</span> <span class='ocrx_word' id='word_1_53' title='bbox 1107 1010 1186 1113; x_wconf 76' lang='lat'>[²0⁷]</span> 
     </span>
     <span class='ocr_line' id='line_1_9' title="bbox 103 1103 1187 1207; baseline 0.006 -28"><span class='ocrx_word' id='word_1_54' title='bbox 103 1103 167 1195; x_wconf 76' lang='lat' dir='ltr'>r&#39;e,</span> <span class='ocrx_word' id='word_1_55' title='bbox 199 1133 292 1205; x_wconf 83' lang='lat' dir='ltr'>quae</span> <span class='ocrx_word' id='word_1_56' title='bbox 316 1109 506 1207; x_wconf 80' lang='lat' dir='ltr'>integrum</span> <span class='ocrx_word' id='word_1_57' title='bbox 528 1103 736 1204; x_wconf 78' lang='lat' dir='ltr'>imperium</span> <span class='ocrx_word' id='word_1_58' title='bbox 762 1112 914 1207; x_wconf 70' lang='lat' dir='ltr'>spectet,</span> <span class='ocrx_word' id='word_1_59' title='bbox 947 1108 1117 1186; x_wconf 87' lang='lat' dir='ltr'>videlicet</span> <span class='ocrx_word' id='word_1_60' title='bbox 1142 1114 1187 1187; x_wconf 87' lang='lat' dir='ltr'>de</span> 
     </span>
     <span class='ocr_line' id='line_1_10' title="bbox 68 1210 1186 1309; baseline 0.004 -28"><span class='ocrx_word' id='word_1_61' title='bbox 68 1254 71 1257; x_wconf 58' lang='lat'><strong>&lt;</strong></span> <span class='ocrx_word' id='word_1_62' title='bbox 105 1210 205 1281; x_wconf 85' lang='lat' dir='ltr'>bello</span> <span class='ocrx_word' id='word_1_63' title='bbox 222 1228 258 1281; x_wconf 89' lang='lat' dir='ltr'>et</span> <span class='ocrx_word' id='word_1_64' title='bbox 280 1235 389 1305; x_wconf 85' lang='lat' dir='ltr'>pace,</span> <span class='ocrx_word' id='word_1_65' title='bbox 415 1211 459 1281; x_wconf 81' lang='lat' dir='ltr'>ds</span> <span class='ocrx_word' id='word_1_66' title='bbox 482 1210 561 1299; x_wconf 88' lang='lat' dir='ltr'>jure</span> <span class='ocrx_word' id='word_1_67' title='bbox 590 1212 717 1306; x_wconf 80' lang='lat' dir='ltr'>aliquo</span> <span class='ocrx_word' id='word_1_68' title='bbox 739 1212 974 1309; x_wconf 73' lang='lat' dir='ltr'>abrogando,</span> <span class='ocrx_word' id='word_1_69' title='bbox 1003 1218 1063 1287; x_wconf 81' lang='lat' dir='ltr'>vol</span> <span class='ocrx_word' id='word_1_70' title='bbox 1085 1214 1186 1287; x_wconf 80' lang='lat' dir='ltr'>insti-</span> 
     </span>
     <span class='ocr_line' id='line_1_11' title="bbox 103 1310 1186 1409; baseline 0.006 -29"><span class='ocrx_word' id='word_1_71' title='bbox 103 1310 277 1398; x_wconf 76' lang='lat' dir='ltr'>tuendo,&#39;</span> <span class='ocrx_word' id='word_1_72' title='bbox 290 1311 576 1407; x_wconf 85' lang='lat' dir='ltr'>de&#39;conrmercio</span> <span class='ocrx_word' id='word_1_73' title='bbox 595 1332 664 1382; x_wconf 90' lang='lat' dir='ltr'>etc.</span> <span class='ocrx_word' id='word_1_74' title='bbox 686 1374 692 1387; x_wconf 86' lang='lat'>.</span> <span class='ocrx_word' id='word_1_75' title='bbox 712 1316 779 1384; x_wconf 82' lang='lat' dir='ltr'>Sed</span> <span class='ocrx_word' id='word_1_76' title='bbox 797 1312 824 1383; x_wconf 88' lang='lat' dir='ltr'>fi</span> <span class='ocrx_word' id='word_1_77' title='bbox 841 1310 1001 1409; x_wconf 75' lang='lat' dir='ltr'>quaestio</span> <span class='ocrx_word' id='word_1_78' title='bbox 1015 1312 1058 1385; x_wconf 85' lang='lat' dir='ltr'>fit</span> <span class='ocrx_word' id='word_1_79' title='bbox 1076 1318 1119 1385; x_wconf 86' lang='lat' dir='ltr'>de</span> <span class='ocrx_word' id='word_1_80' title='bbox 1135 1341 1186 1403; x_wconf 83' lang='lat' dir='ltr'>re,</span> 
     </span>
     <span class='ocr_line' id='line_1_12' title="bbox 105 1406 1186 1509; baseline 0.006 -28"><span class='ocrx_word' id='word_1_81' title='bbox 105 1406 200 1507; x_wconf 79' lang='lat' dir='ltr'>quse</span> <span class='ocrx_word' id='word_1_82' title='bbox 223 1428 357 1500; x_wconf 70' lang='lat' dir='ltr'>unum,</span> <span class='ocrx_word' id='word_1_83' title='bbox 384 1430 448 1481; x_wconf 83' lang='lat' dir='ltr'>eut</span> <span class='ocrx_word' id='word_1_84' title='bbox 466 1414 619 1483; x_wconf 76' lang='lat' dir='ltr'>alteram</span> <span class='ocrx_word' id='word_1_85' title='bbox 645 1414 773 1485; x_wconf 89' lang='lat' dir='ltr'>urbem</span> <span class='ocrx_word' id='word_1_86' title='bbox 804 1414 954 1509; x_wconf 77' lang='lat' dir='ltr'><strong>spectet,</strong></span> <span class='ocrx_word' id='word_1_87' title='bbox 980 1416 1024 1486; x_wconf 88' lang='lat' dir='ltr'>de</span> <span class='ocrx_word' id='word_1_88' title='bbox 1047 1416 1186 1487; x_wconf 79' lang='lat' dir='ltr'>libellis</span> 
     </span>
     <span class='ocr_line' id='line_1_13' title="bbox 1 1512 1185 1612; baseline 0.005 -29"><span class='ocrx_word' id='word_1_89' title='bbox 1 1536 17 1553; x_wconf 88' lang='grc'><em>·</em></span> <span class='ocrx_word' id='word_1_90' title='bbox 103 1512 333 1611; x_wconf 83' lang='lat' dir='ltr'>supplicibus</span> <span class='ocrx_word' id='word_1_91' title='bbox 351 1531 416 1586; x_wconf 79' lang='lat' dir='ltr'>etc</span> <span class='ocrx_word' id='word_1_92' title='bbox 433 1513 519 1586; x_wconf 79' lang='lat' dir='ltr'>satis</span> <span class='ocrx_word' id='word_1_93' title='bbox 535 1514 617 1604; x_wconf 83' lang='lat' dir='ltr'>erit,</span> <span class='ocrx_word' id='word_1_94' title='bbox 642 1513 799 1609; x_wconf 80' lang='lat' dir='ltr'>limejor</span> <span class='ocrx_word' id='word_1_95' title='bbox 816 1516 975 1589; x_wconf 88' lang='lat' dir='ltr'>Concilii</span> <span class='ocrx_word' id='word_1_96' title='bbox 986 1540 1072 1612; x_wconf 83' lang='lat' dir='ltr'>pars</span> <span class='ocrx_word' id='word_1_97' title='bbox 1089 1514 1185 1589; x_wconf 76' lang='lat' dir='ltr'>adlit.</span> 
     </span>
    </p>
   </div>
   <div class='ocr_carea' id='block_1_4' title="bbox 103 1680 1261 2090">
    <p class='ocr_par' dir='ltr' id='par_1_4' title="bbox 103 1680 1261 2090">
     <span class='ocr_line' id='line_1_14' title="bbox 115 1680 1186 1783; baseline 0.004 -30"><span class='ocrx_word' id='word_1_98' title='bbox 115 1700 119 1705; x_wconf 83' lang='grc'><em>’</em></span> <span class='ocrx_word' id='word_1_99' title='bbox 205 1683 236 1781; x_wconf 50' lang='grc' dir='ltr'>ᾖ.</span> <span class='ocrx_word' id='word_1_100' title='bbox 255 1688 391 1754; x_wconf 82' lang='lat' dir='ltr'><strong>XXIII.</strong></span> <span class='ocrx_word' id='word_1_101' title='bbox 431 1686 487 1758; x_wconf 88' lang='lat' dir='ltr'>Ut</span> <span class='ocrx_word' id='word_1_102' title='bbox 502 1684 602 1755; x_wconf 89' lang='lat' dir='ltr'>inter</span> <span class='ocrx_word' id='word_1_103' title='bbox 615 1680 774 1757; x_wconf 75' lang='lat' dir='ltr'>familias</span> <span class='ocrx_word' id='word_1_104' title='bbox 792 1688 991 1783; x_wconf 72' lang='lat' dir='ltr'>aequalitas</span> <span class='ocrx_word' id='word_1_105' title='bbox 1005 1686 1044 1759; x_wconf 90' lang='lat' dir='ltr'>in</span> <span class='ocrx_word' id='word_1_106' title='bbox 1063 1688 1186 1758; x_wconf 87' lang='lat' dir='ltr'>omni·</span> 
     </span>
     <span class='ocr_line' id='line_1_15' title="bbox 103 1783 1185 1880; baseline 0.003 -23"><span class='ocrx_word' id='word_1_107' title='bbox 103 1783 176 1858; x_wconf 73' lang='lat' dir='ltr'>lsu&#39;s</span> <span class='ocrx_word' id='word_1_108' title='bbox 193 1802 230 1857; x_wconf 85' lang='lat' dir='ltr'>et</span> <span class='ocrx_word' id='word_1_109' title='bbox 251 1784 344 1856; x_wconf 83' lang='lat' dir='ltr'>ord&#39;o</span> <span class='ocrx_word' id='word_1_110' title='bbox 367 1784 535 1872; x_wconf 85' lang='lat' dir='ltr'>sedendi,</span> <span class='ocrx_word' id='word_1_111' title='bbox 565 1788 804 1880; x_wconf 87' lang='lat' dir='ltr'>proponendi</span> <span class='ocrx_word' id='word_1_112' title='bbox 831 1806 867 1858; x_wconf 88' lang='lat' dir='ltr'>et</span> <span class='ocrx_word' id='word_1_113' title='bbox 891 1788 1039 1879; x_wconf 77' lang='lat' dir='ltr'>dicendi</span> <span class='ocrx_word' id='word_1_114' title='bbox 1057 1790 1185 1860; x_wconf 66' lang='lat' dir='ltr'>haben</span> 
     </span>
     <span class='ocr_line' id='line_1_16' title="bbox 104 1886 1261 1986; baseline 0.005 -30"><span class='ocrx_word' id='word_1_115' title='bbox 104 1905 187 1975; x_wconf 87' lang='lat' dir='ltr'>tur,</span> <span class='ocrx_word' id='word_1_116' title='bbox 210 1887 308 1959; x_wconf 87' lang='lat' dir='ltr'>vices</span> <span class='ocrx_word' id='word_1_117' title='bbox 323 1886 520 1959; x_wconf 73' lang='lat' dir='ltr'>fervendae</span> <span class='ocrx_word' id='word_1_118' title='bbox 536 1886 638 1974; x_wconf 83' lang='lat' dir='ltr'>sunt,</span> <span class='ocrx_word' id='word_1_119' title='bbox 664 1904 708 1957; x_wconf 87' lang='lat' dir='ltr'>ut</span> <span class='ocrx_word' id='word_1_120' title='bbox 723 1886 882 1985; x_wconf 74' lang='lat' dir='ltr'>singulae</span> <span class='ocrx_word' id='word_1_121' title='bbox 903 1887 1056 1986; x_wconf 79' lang='lat' dir='ltr'>lingulis</span> <span class='ocrx_word' id='word_1_122' title='bbox 1073 1886 1186 1961; x_wconf 77' lang='lat' dir='ltr'>sellio·</span> <span class='ocrx_word' id='word_1_123' title='bbox 1253 1927 1261 1943; x_wconf 51' lang='grc' dir='ltr'><em>ν</em></span> 
     </span>
     <span class='ocr_line' id='line_1_17' title="bbox 105 1985 1188 2090; baseline 0.004 -31"><span class='ocrx_word' id='word_1_124' title='bbox 105 1989 220 2059; x_wconf 81' lang='lat' dir='ltr'>nibus</span> <span class='ocrx_word' id='word_1_125' title='bbox 247 1985 491 2083; x_wconf 77' lang='lat' dir='ltr'>praefideant,</span> <span class='ocrx_word' id='word_1_126' title='bbox 524 2006 676 2085; x_wconf 84' lang='lat' dir='ltr'>etquee</span> <span class='ocrx_word' id='word_1_127' title='bbox 696 1991 764 2062; x_wconf 82' lang='lat' dir='ltr'>hae</span> <span class='ocrx_word' id='word_1_128' title='bbox 788 1986 1100 2090; x_wconf 76' lang='lat' dir='ltr'>sellioneprime,</span> <span class='ocrx_word' id='word_1_129' title='bbox 1136 1990 1188 2063; x_wconf 88' lang='lat' dir='ltr'>se·</span> 
     </span>
    </p>
   </div>
   <div class='ocr_carea' id='block_1_5' title="bbox 87 2082 1306 2187">
    <p class='ocr_par' dir='ltr' id='par_1_5' title="bbox 87 2082 1306 2187">
     <span class='ocr_line' id='line_1_18' title="bbox 87 2082 1306 2187; baseline 0.007 -28"><span class='ocrx_word' id='word_1_130' title='bbox 87 2090 237 2183; x_wconf 75' lang='lat' dir='ltr'>&#39;quenti</span> <span class='ocrx_word' id='word_1_131' title='bbox 253 2087 452 2163; x_wconf 83' lang='lat' dir='ltr'>ultimafit.</span> <span class='ocrx_word' id='word_1_132' title='bbox 503 2092 739 2179; x_wconf 76' lang='lat' dir='ltr'>sedentum,</span> <span class='ocrx_word' id='word_1_133' title='bbox 765 2094 829 2187; x_wconf 91' lang='lat' dir='ltr'>qui</span> <span class='ocrx_word' id='word_1_134' title='bbox 848 2093 1011 2183; x_wconf 78' lang='lat' dir='ltr'>ejusdem</span> <span class='ocrx_word' id='word_1_135' title='bbox 1027 2082 1187 2167; x_wconf 72' lang='lat' dir='ltr'>fsnriliie</span> <span class='ocrx_word' id='word_1_136' title='bbox 1300 2116 1306 2129; x_wconf 94' lang='grc'><strong><em>’</em></strong></span> 
     </span>
    </p>
   </div>
   <div class='ocr_carea' id='block_1_6' title="bbox 104 2188 1023 2287">
    <p class='ocr_par' dir='ltr' id='par_1_6' title="bbox 104 2188 1023 2287">
     <span class='ocr_line' id='line_1_19' title="bbox 104 2188 1023 2287; baseline 0.008 -26"><span class='ocrx_word' id='word_1_137' title='bbox 104 2188 210 2279; x_wconf 80' lang='lat' dir='ltr'>sunt,</span> <span class='ocrx_word' id='word_1_138' title='bbox 236 2192 269 2261; x_wconf 91' lang='lat' dir='ltr'>is</span> <span class='ocrx_word' id='word_1_139' title='bbox 281 2192 427 2285; x_wconf 86' lang='lat' dir='ltr'>primus</span> <span class='ocrx_word' id='word_1_140' title='bbox 445 2188 507 2279; x_wconf 75' lang='lat' dir='ltr'>lit,</span> <span class='ocrx_word' id='word_1_141' title='bbox 538 2195 603 2287; x_wconf 90' lang='lat' dir='ltr'>qui</span> <span class='ocrx_word' id='word_1_142' title='bbox 622 2195 728 2287; x_wconf 90' lang='lat' dir='ltr'>prior</span> <span class='ocrx_word' id='word_1_143' title='bbox 745 2196 880 2266; x_wconf 88' lang='lat' dir='ltr'>electus</span> <span class='ocrx_word' id='word_1_144' title='bbox 898 2193 1023 2267; x_wconf 83' lang='lat' dir='ltr'>fuerit.</span> 
     </span>
    </p>
   </div>
   <div class='ocr_carea' id='block_1_7' title="bbox 15 2360 1259 3271">
    <p class='ocr_par' dir='ltr' id='par_1_7' title="bbox 15 2360 1259 3271">
     <span class='ocr_line' id='line_1_20' title="bbox 205 2360 1191 2470; baseline -0.003 -37"><span class='ocrx_word' id='word_1_145' title='bbox 205 2368 232 2447; x_wconf 71' lang='grc' dir='ltr'>ς.</span> <span class='ocrx_word' id='word_1_146' title='bbox 247 2365 380 2437; x_wconf 81' lang='lat' dir='ltr'><strong>XXIV.</strong></span> <span class='ocrx_word' id='word_1_147' title='bbox 431 2363 741 2435; x_wconf 85' lang='lat' dir='ltr'>HocConcilium</span> <span class='ocrx_word' id='word_1_148' title='bbox 765 2379 893 2470; x_wconf 81' lang='lat' dir='ltr'>quater</span> <span class='ocrx_word' id='word_1_149' title='bbox 917 2362 966 2435; x_wconf 78' lang='lat' dir='ltr'>eri</span> <span class='ocrx_word' id='word_1_150' title='bbox 986 2360 1191 2445; x_wconf 82' lang='lat' dir='ltr'>minimum</span> 
     </span>
     <span class='ocr_line' id='line_1_21' title="bbox 88 2458 1190 2551; baseline 0.004 -22"><span class='ocrx_word' id='word_1_151' title='bbox 88 2458 149 2529; x_wconf 83' lang='lat' dir='ltr'>in</span> <span class='ocrx_word' id='word_1_152' title='bbox 175 2484 276 2534; x_wconf 86' lang='lat' dir='ltr'>auno</span> <span class='ocrx_word' id='word_1_153' title='bbox 301 2483 550 2551; x_wconf 76' lang='lat' dir='ltr'>convocetur,</span> <span class='ocrx_word' id='word_1_154' title='bbox 583 2478 626 2534; x_wconf 91' lang='lat' dir='ltr'>ut</span> <span class='ocrx_word' id='word_1_155' title='bbox 652 2467 837 2537; x_wconf 69' lang='lat' dir='ltr'>renonem</span> <span class='ocrx_word' id='word_1_156' title='bbox 862 2458 1190 2536; x_wconf 75' lang='lat' dir='ltr'>administrationis</span> 
     </span>
     <span class='ocr_line' id='line_1_22' title="bbox 104 2560 1188 2661; baseline 0.004 -32"><span class='ocrx_word' id='word_1_157' title='bbox 104 2560 299 2655; x_wconf 84' lang='lat' dir='ltr'>imperii-a</span> <span class='ocrx_word' id='word_1_158' title='bbox 323 2564 499 2654; x_wconf 85' lang='lat' dir='ltr'>minillris</span> <span class='ocrx_word' id='word_1_159' title='bbox 530 2564 699 2661; x_wconf 82' lang='lat' dir='ltr'>exigent,</span> <span class='ocrx_word' id='word_1_160' title='bbox 741 2584 783 2639; x_wconf 92' lang='lat' dir='ltr'>ut</span> <span class='ocrx_word' id='word_1_161' title='bbox 814 2590 940 2637; x_wconf 86' lang='lat' dir='ltr'>rerum</span> <span class='ocrx_word' id='word_1_162' title='bbox 962 2562 1096 2651; x_wconf 82' lang='lat' dir='ltr'>statum</span> <span class='ocrx_word' id='word_1_163' title='bbox 1120 2586 1188 2635; x_wconf 82' lang='lat' dir='ltr'>no-</span> 
     </span>
     <span class='ocr_line' id='line_1_23' title="bbox 106 2662 1187 2767; baseline 0.004 -36"><span class='ocrx_word' id='word_1_164' title='bbox 106 2663 209 2735; x_wconf 84' lang='lat' dir='ltr'>Icant</span> <span class='ocrx_word' id='word_1_165' title='bbox 232 2684 269 2736; x_wconf 87' lang='lat' dir='ltr'>et</span> <span class='ocrx_word' id='word_1_166' title='bbox 296 2666 436 2762; x_wconf 81' lang='lat' dir='ltr'>liquid</span> <span class='ocrx_word' id='word_1_167' title='bbox 460 2682 644 2761; x_wconf 81' lang='lat' dir='ltr'>praeterea</span> <span class='ocrx_word' id='word_1_168' title='bbox 669 2662 902 2741; x_wconf 77' lang='lat' dir='ltr'>statuentium</span> <span class='ocrx_word' id='word_1_169' title='bbox 929 2665 990 2759; x_wconf 77' lang='lat' dir='ltr'>Iit,</span> <span class='ocrx_word' id='word_1_170' title='bbox 1018 2662 1187 2767; x_wconf 25' lang='lat' dir='ltr'>&#39;videant</span> 
     </span>
     <span class='ocr_line' id='line_1_24' title="bbox 104 2766 1190 2865; baseline 0.001 -29"><span class='ocrx_word' id='word_1_171' title='bbox 104 2770 206 2836; x_wconf 79' lang='lat' dir='ltr'>Nem</span> <span class='ocrx_word' id='word_1_172' title='bbox 227 2767 316 2838; x_wconf 79' lang='lat' dir='ltr'>adeo</span> <span class='ocrx_word' id='word_1_173' title='bbox 338 2789 519 2864; x_wconf 81' lang='lat' dir='ltr'>magnum</span> <span class='ocrx_word' id='word_1_174' title='bbox 546 2768 684 2838; x_wconf 86' lang='lat' dir='ltr'>civium</span> <span class='ocrx_word' id='word_1_175' title='bbox 712 2793 912 2841; x_wconf 85' lang='lat' dir='ltr'>numerum</span> <span class='ocrx_word' id='word_1_176' title='bbox 940 2766 1101 2865; x_wconf 77' lang='lat' dir='ltr'>negotiis</span> <span class='ocrx_word' id='word_1_177' title='bbox 1124 2790 1190 2859; x_wconf 91' lang='lat' dir='ltr'>pu·</span> 
     </span>
     <span class='ocr_line' id='line_1_25' title="bbox 15 2859 1188 2963; baseline 0 -26"><span class='ocrx_word' id='word_1_178' title='bbox 15 2859 21 2877; x_wconf 86' lang='lat'>&#39;</span> <span class='ocrx_word' id='word_1_179' title='bbox 105 2866 212 2940; x_wconf 81' lang='lat' dir='ltr'>blicis</span> <span class='ocrx_word' id='word_1_180' title='bbox 226 2870 409 2942; x_wconf 88' lang='lat' dir='ltr'>continuo</span> <span class='ocrx_word' id='word_1_181' title='bbox 424 2894 553 2942; x_wconf 77' lang='lat' dir='ltr'>vacere</span> <span class='ocrx_word' id='word_1_182' title='bbox 570 2862 791 2962; x_wconf 81' lang='lat' dir='ltr'>impoffibile</span> <span class='ocrx_word' id='word_1_183' title='bbox 808 2870 977 2955; x_wconf 62' lang='lat' dir='ltr'>videtum</span> <span class='ocrx_word' id='word_1_184' title='bbox 1003 2868 1077 2954; x_wconf 84' lang='lat' dir='ltr'>sed,</span> <span class='ocrx_word' id='word_1_185' title='bbox 1102 2868 1188 2963; x_wconf 84' lang='lat' dir='ltr'>quie</span> 
     </span>
     <span class='ocr_line' id='line_1_26' title="bbox 103 2968 1259 3066; baseline 0 -28"><span class='ocrx_word' id='word_1_186' title='bbox 103 2970 253 3066; x_wconf 77' lang='lat' dir='ltr'>negotis</span> <span class='ocrx_word' id='word_1_187' title='bbox 269 2972 415 3066; x_wconf 81' lang='lat' dir='ltr'>publice</span> <span class='ocrx_word' id='word_1_188' title='bbox 433 2971 583 3043; x_wconf 87' lang='lat' dir='ltr'>interim</span> <span class='ocrx_word' id='word_1_189' title='bbox 601 2973 761 3043; x_wconf 81' lang='lat' dir='ltr'>exerceri</span> <span class='ocrx_word' id='word_1_190' title='bbox 779 2974 1025 3045; x_wconf 76' lang='lat' dir='ltr'>nihilominus</span> <span class='ocrx_word' id='word_1_191' title='bbox 1043 2968 1188 3055; x_wconf 85' lang='lat' dir='ltr'>debent,</span> <span class='ocrx_word' id='word_1_192' title='bbox 1253 3000 1259 3010; x_wconf 68' lang='lat'>=</span> 
     </span>
     <span class='ocr_line' id='line_1_27' title="bbox 103 3070 1188 3169; baseline 0 -28"><span class='ocrx_word' id='word_1_193' title='bbox 103 3070 189 3141; x_wconf 86' lang='lat' dir='ltr'>ideo</span> <span class='ocrx_word' id='word_1_194' title='bbox 213 3097 258 3143; x_wconf 87' lang='lat' dir='ltr'>ex</span> <span class='ocrx_word' id='word_1_195' title='bbox 273 3076 345 3145; x_wconf 79' lang='lat' dir='ltr'>lunc</span> <span class='ocrx_word' id='word_1_196' title='bbox 367 3072 536 3144; x_wconf 80' lang='lat' dir='ltr'>Concilio</span> <span class='ocrx_word' id='word_1_197' title='bbox 561 3075 850 3169; x_wconf 82' lang='lat' dir='ltr'>quinquaginta,</span> <span class='ocrx_word' id='word_1_198' title='bbox 886 3092 950 3145; x_wconf 81' lang='lat' dir='ltr'>eut</span> <span class='ocrx_word' id='word_1_199' title='bbox 972 3073 1097 3167; x_wconf 86' lang='lat' dir='ltr'>plures</span> <span class='ocrx_word' id='word_1_200' title='bbox 1125 3071 1188 3155; x_wconf 85' lang='lat' dir='ltr'>eli-</span> 
     </span>
     <span class='ocr_line' id='line_1_28' title="bbox 103 3171 1188 3271; baseline 0 -30"><span class='ocrx_word' id='word_1_201' title='bbox 103 3174 218 3271; x_wconf 81' lang='lat' dir='ltr'>gendi</span> <span class='ocrx_word' id='word_1_202' title='bbox 243 3174 344 3259; x_wconf 83' lang='lat' dir='ltr'>sunt,</span> <span class='ocrx_word' id='word_1_203' title='bbox 376 3174 592 3270; x_wconf 77' lang='lat' dir='ltr'>quisoluto</span> <span class='ocrx_word' id='word_1_204' title='bbox 620 3177 808 3262; x_wconf 88' lang='lat' dir='ltr'>Concilio,</span> <span class='ocrx_word' id='word_1_205' title='bbox 850 3174 943 3271; x_wconf 34' lang='lat' dir='ltr'>ejus·</span> <span class='ocrx_word' id='word_1_206' title='bbox 960 3178 1082 3246; x_wconf 81' lang='lat' dir='ltr'>vicem</span> <span class='ocrx_word' id='word_1_207' title='bbox 1105 3171 1188 3265; x_wconf 83' lang='lat' dir='ltr'>iup-</span> 
     </span>
    </p>
   </div>
   <div class='ocr_carea' id='block_1_8' title="bbox 96 3273 1364 3371">
    <p class='ocr_par' dir='ltr' id='par_1_8' title="bbox 96 3273 1364 3371">
     <span class='ocr_line' id='line_1_29' title="bbox 96 3273 1364 3371; baseline 0 -28"><span class='ocrx_word' id='word_1_208' title='bbox 96 3276 251 3369; x_wconf 73' lang='lat' dir='ltr'>pleent,</span> <span class='ocrx_word' id='word_1_209' title='bbox 277 3279 415 3370; x_wconf 87' lang='lat' dir='ltr'>quique</span> <span class='ocrx_word' id='word_1_210' title='bbox 431 3275 600 3371; x_wconf 88' lang='lat' dir='ltr'>quotidie</span> <span class='ocrx_word' id='word_1_211' title='bbox 614 3280 831 3371; x_wconf 74' lang='lat' dir='ltr'>congregari</span> <span class='ocrx_word' id='word_1_212' title='bbox 851 3278 1008 3347; x_wconf 81' lang='lat' dir='ltr'>debeant</span> <span class='ocrx_word' id='word_1_213' title='bbox 1025 3276 1065 3344; x_wconf 88' lang='lat' dir='ltr'>in</span> <span class='ocrx_word' id='word_1_214' title='bbox 1087 3273 1188 3344; x_wconf 89' lang='lat' dir='ltr'>cubi·</span> <span class='ocrx_word' id='word_1_215' title='bbox 1311 3326 1313 3331; x_wconf 72' lang='grc'>.</span> <span class='ocrx_word' id='word_1_216' title='bbox 1359 3333 1364 3352; x_wconf 88' lang='grc'>,</span> 
     </span>
    </p>
   </div>
   <div class='ocr_carea' id='block_1_9' title="bbox 102 3374 1273 3979">
    <p class='ocr_par' dir='ltr' id='par_1_9' title="bbox 102 3374 1273 3979">
     <span class='ocr_line' id='line_1_30' title="bbox 106 3374 1187 3475; baseline -0.004 -29"><span class='ocrx_word' id='word_1_217' title='bbox 106 3378 216 3461; x_wconf 81' lang='lat' dir='ltr'>culn,</span> <span class='ocrx_word' id='word_1_218' title='bbox 242 3379 345 3471; x_wconf 87' lang='lat' dir='ltr'>quod</span> <span class='ocrx_word' id='word_1_219' title='bbox 365 3379 484 3473; x_wconf 78' lang='lat' dir='ltr'>Regio</span> <span class='ocrx_word' id='word_1_220' title='bbox 511 3374 553 3446; x_wconf 80' lang='lat' dir='ltr'>sit</span> <span class='ocrx_word' id='word_1_221' title='bbox 575 3375 810 3470; x_wconf 83' lang='lat' dir='ltr'>proximum,</span> <span class='ocrx_word' id='word_1_222' title='bbox 844 3396 953 3475; x_wconf 88' lang='lat' dir='ltr'>atque</span> <span class='ocrx_word' id='word_1_223' title='bbox 978 3378 1069 3447; x_wconf 86' lang='lat' dir='ltr'>adeo</span> <span class='ocrx_word' id='word_1_224' title='bbox 1095 3396 1187 3469; x_wconf 68' lang='lat' dir='ltr'>quo:</span> 
     </span>
     <span class='ocr_line' id='line_1_31' title="bbox 104 3473 1201 3566; baseline -0.005 -19"><span class='ocrx_word' id='word_1_225' title='bbox 104 3478 197 3547; x_wconf 88' lang='lat' dir='ltr'>tidie</span> <span class='ocrx_word' id='word_1_226' title='bbox 213 3500 340 3548; x_wconf 83' lang='lat' dir='ltr'>curem</span> <span class='ocrx_word' id='word_1_227' title='bbox 365 3473 698 3563; x_wconf 67' lang='lat' dir='ltr'>hiberniensis,</span> <span class='ocrx_word' id='word_1_228' title='bbox 733 3479 903 3566; x_wconf 85' lang='lat' dir='ltr'>urbium,</span> <span class='ocrx_word' id='word_1_229' title='bbox 935 3475 1201 3551; x_wconf 82' lang='lat' dir='ltr'>munimento-&#39;</span> 
     </span>
     <span class='ocr_line' id='line_1_32' title="bbox 105 3574 1188 3674; baseline -0.007 -24"><span class='ocrx_word' id='word_1_230' title='bbox 105 3604 213 3667; x_wconf 82' lang='lat' dir='ltr'>rum,</span> <span class='ocrx_word' id='word_1_231' title='bbox 259 3580 491 3651; x_wconf 74' lang='lat' dir='ltr'>educationis</span> <span class='ocrx_word' id='word_1_232' title='bbox 529 3574 598 3648; x_wconf 88' lang='lat' dir='ltr'>lilii</span> <span class='ocrx_word' id='word_1_233' title='bbox 629 3582 741 3674; x_wconf 78' lang='lat' dir='ltr'>Regis</span> <span class='ocrx_word' id='word_1_234' title='bbox 780 3599 816 3649; x_wconf 84' lang='lat' dir='ltr'>et</span> <span class='ocrx_word' id='word_1_235' title='bbox 852 3580 1018 3651; x_wconf 81' lang='lat' dir='ltr'>absolute</span> <span class='ocrx_word' id='word_1_236' title='bbox 1057 3598 1188 3648; x_wconf 84' lang='lat' dir='ltr'>eorum</span> 
     </span>
     <span class='ocr_line' id='line_1_33' title="bbox 105 3677 1273 3778; baseline -0.003 -27"><span class='ocrx_word' id='word_1_237' title='bbox 105 3683 279 3752; x_wconf 85' lang='lat' dir='ltr'>omnium</span> <span class='ocrx_word' id='word_1_238' title='bbox 289 3684 416 3778; x_wconf 81' lang='lat' dir='ltr'>magni</span> <span class='ocrx_word' id='word_1_239' title='bbox 433 3679 596 3750; x_wconf 90' lang='lat' dir='ltr'>Concilii</span> <span class='ocrx_word' id='word_1_240' title='bbox 612 3677 834 3763; x_wconf 81' lang='lat' dir='ltr'>officiorum,</span> <span class='ocrx_word' id='word_1_241' title='bbox 862 3680 1082 3775; x_wconf 80' lang='lat' dir='ltr'>queemodo</span> <span class='ocrx_word' id='word_1_242' title='bbox 1099 3700 1187 3748; x_wconf 87' lang='lat' dir='ltr'>enu·</span> <span class='ocrx_word' id='word_1_243' title='bbox 1264 3688 1273 3715; x_wconf 68' lang='lat'>⁸</span> 
     </span>
     <span class='ocr_line' id='line_1_34' title="bbox 102 3780 1187 3877; baseline -0.009 -21"><span class='ocrx_word' id='word_1_244' title='bbox 102 3785 351 3870; x_wconf 71' lang='lat' dir='ltr'>necavimus,</span> <span class='ocrx_word' id='word_1_245' title='bbox 374 3798 630 3877; x_wconf 75' lang='lat' dir='ltr'>praeterquam</span> <span class='ocrx_word' id='word_1_246' title='bbox 649 3782 764 3867; x_wconf 83' lang='lat' dir='ltr'>illud,</span> <span class='ocrx_word' id='word_1_247' title='bbox 791 3784 892 3875; x_wconf 89' lang='lat' dir='ltr'>quod</span> <span class='ocrx_word' id='word_1_248' title='bbox 916 3783 962 3853; x_wconf 80' lang='lat' dir='ltr'>de</span> <span class='ocrx_word' id='word_1_249' title='bbox 984 3780 1187 3853; x_wconf 73' lang='lat' dir='ltr'>rebusno·</span> 
     </span>
     <span class='ocr_line' id='line_1_35' title="bbox 102 3868 1186 3979; baseline -0.007 -22"><span class='ocrx_word' id='word_1_250' title='bbox 102 3886 183 3969; x_wconf 78' lang='lat' dir='ltr'>vis,</span> <span class='ocrx_word' id='word_1_251' title='bbox 217 3885 264 3955; x_wconf 86' lang='lat' dir='ltr'>de</span> <span class='ocrx_word' id='word_1_252' title='bbox 288 3868 544 3979; x_wconf 77' lang='lat' dir='ltr'>quibus&#39;nihil</span> <span class='ocrx_word' id='word_1_253' title='bbox 573 3882 764 3961; x_wconf 80' lang='lat' dir='ltr'>decretum</span> <span class='ocrx_word' id='word_1_254' title='bbox 790 3880 856 3969; x_wconf 88' lang='lat' dir='ltr'>est,</span> <span class='ocrx_word' id='word_1_255' title='bbox 892 3882 1083 3959; x_wconf 78' lang='lat' dir='ltr'>consulere</span> <span class='ocrx_word' id='word_1_256' title='bbox 1108 3896 1186 3951; x_wconf 86' lang='lat' dir='ltr'>non</span> 
     </span>
    </p>
   </div>
   <div class='ocr_carea' id='block_1_10' title="bbox 96 3985 245 4083">
    <p class='ocr_par' dir='ltr' id='par_1_10' title="bbox 96 3985 245 4083">
     <span class='ocr_line' id='line_1_36' title="bbox 96 3985 245 4083; baseline -0.02 -24"><span class='ocrx_word' id='word_1_257' title='bbox 96 3985 245 4083; x_wconf 82' lang='lat' dir='ltr'>pollint.</span> 
     </span>
    </p>
   </div>
   <div class='ocr_carea' id='block_1_11' title="bbox 102 4130 1190 4431">
    <p class='ocr_par' dir='ltr' id='par_1_11' title="bbox 102 4130 1190 4431">
     <span class='ocr_line' id='line_1_37' title="bbox 201 4130 1189 4252; baseline -0.011 -22"><span class='ocrx_word' id='word_1_258' title='bbox 201 4152 235 4251; x_wconf 63' lang='lat' dir='ltr'>I.</span> <span class='ocrx_word' id='word_1_259' title='bbox 253 4156 369 4230; x_wconf 84' lang='lat' dir='ltr'><strong>XXV.</strong></span> <span class='ocrx_word' id='word_1_260' title='bbox 422 4152 656 4252; x_wconf 72' lang='lat' dir='ltr'>congregato</span> <span class='ocrx_word' id='word_1_261' title='bbox 679 4152 870 4241; x_wconf 81' lang='lat' dir='ltr'>Concilio,</span> <span class='ocrx_word' id='word_1_262' title='bbox 896 4130 1189 4249; x_wconf 61' lang='lat' dir='ltr'>&#39;antequem&#39;ali-</span> 
     </span>
     <span class='ocr_line' id='line_1_38' title="bbox 102 4244 1190 4431; baseline -0.006 -101"><span class='ocrx_word' id='word_1_263' title='bbox 102 4256 194 4355; x_wconf 77' lang='lat' dir='ltr'>quid</span> <span class='ocrx_word' id='word_1_264' title='bbox 208 4259 252 4329; x_wconf 86' lang='lat' dir='ltr'>in</span> <span class='ocrx_word' id='word_1_265' title='bbox 269 4282 312 4331; x_wconf 85' lang='lat' dir='ltr'>eo</span> <span class='ocrx_word' id='word_1_266' title='bbox 331 4267 584 4353; x_wconf 80' lang='lat' dir='ltr'>proponetur,</span> <span class='ocrx_word' id='word_1_267' title='bbox 607 4258 794 4431; x_wconf 45' lang='lat' dir='ltr'>qlg&#39;nglue&#39;</span> <span class='ocrx_word' id='word_1_268' title='bbox 821 4271 884 4326; x_wconf 78' lang='lat' dir='ltr'>aut</span> <span class='ocrx_word' id='word_1_269' title='bbox 909 4256 989 4347; x_wconf 76' lang='lat' dir='ltr'>sex,</span> <span class='ocrx_word' id='word_1_270' title='bbox 1019 4244 1190 4431; x_wconf 51' lang='lat' dir='ltr'>mpiig</span> 
     </span>
    </p>
   </div>
   <div class='ocr_carea' id='block_1_12' title="bbox 0 0 1376 4684">
    <p class='ocr_par' dir='ltr' id='par_1_12' title="bbox 0 0 1376 4684">
     <span class='ocr_line' id='line_1_39' title="bbox 0 0 1376 4684; baseline 0 0"><span class='ocrx_word' id='word_1_271' title='bbox 0 0 1376 4684; x_wconf 95' lang='lat' dir='ltr'> </span> 
     </span>
    </p>
   </div>
  </div>
 </body>
</html>
