2742 4684
952 25 1069 71 l¹.

125 256 238 367 '3⁰8
413 244 791 393 Τιιιιιιιι-ιοιίιζ.
834 266 930 351 Cae,
955 265 1007 358 ll.
1077 346 1079 351 ,

166 444 409 556 magiaeaeea
427 453 652 551 eupiditate,
677 478 791 551 quam
817 455 963 529 ratione
985 444 1200 547 ducuntur,
1227 482 1275 547 ae

168 558 329 657 proinde
349 560 552 630 hominum
577 558 760 628 naturalis
783 558 972 675 potentia,
997 556 1080 631 five
1096 564 1161 641 Jue
1185 584 1274 635 non

132 710 135 715 -
168 663 337 753 ratique,
366 658 427 730 sed
443 682 670 754 quocunque
696 661 883 753 appetitu,
909 682 988 753 quo
1013 661 1069 729 ad
1081 646 1273 757 agendum

170 761 491 847 determinantur,
516 783 665 854 quoque
680 754 717 830 se
742 759 957 839 conservare
974 776 1180 851 conantur,
1207 761 1275 833 de-

172 862 278 936 finiri
292 861 410 946 debet.
442 861 627 976 Equidem
642 858 782 949 fateor,
810 861 1029 956 cupiditates
1045 864 1144 951 illae,
1172 887 1273 959 quae

93 1034 95 1036 ,
172 968 221 1039 e'x
237 964 478 1035 rationenon
505 962 701 1051 oriuntur,
726 984 806 1033 non
832 980 909 1033 tam
936 963 1123 1052 actiones,
1156 988 1276 1059 quam

173 1060 355 1162 pelliones
373 1061 440 1135 elle
456 1066 647 1136 humanae.
701 1068 852 1135 Verum
849 1065 944 1159 quia
969 1064 1031 1135 hie
1052 1060 1116 1135 de
1114 1083 1275 1137 naturae

176 1165 381 1249 universali
418 1167 587 1259 potentia
619 1164 682 1235 sea
713 1170 799 1245 Jure
830 1166 994 1262 agimus,
1031 1167 1177 1237 nullam
1208 1166 1276 1241 hie

177 1266 374 1365 agnoscere
406 1262 596 1382 pollemus
628 1260 877 1340 differentiam
907 1268 1008 1339 inter
1038 1267 1274 1384 eupiditatea,

79 1425 83 1434 .
174 1393 273 1467 quae
291 1393 336 1439 ex
351 1368 495 1454 ratione
512 1384 550 1437 et
563 1369 662 1439 inter
677 1368 784 1455 illae,
811 1392 905 1463 quae
929 1394 976 1441 ex
1000 1368 1082 1441 aliie
1099 1365 1239 1441 eaufia'
1228 1392 1276 1441 ιιι

176 1470 315 1545 nobis
304 1484 592 1565 ingenerantur·
618 1467 955 1585 quandoquidem
946 1486 1023 1541 tem
1047 1473 1132 1556 hae,
1159 1494 1275 1589 quam

83 1589 86 1602 '
137 1579 139 1588 '
176 1567 599 1645 illaeeffeetusnaturae
622 1569 729 1656 sunt,
753 1572 903 1665 vimque
923 1560 1133 1643 naturalem
1154 1550 1276 1667 expli-

178 1684 287 1761 cant,
315 1696 387 1765 qua
402 1666 548 1742 homo
536 1696 578 1741 ιιι
595 1670 660 1742 sno
676 1624 756 1741 Elle
771 1673 999 1789 perseuerare
1015 1686 1183 1744 conatur.
1209 1668 1275 1744 Est

160 1774 285 1847 *enim
299 1774 437 1858 homo,
466 1769 538 1843 five
560 1771 724 1865 sepiens,
749 1770 857 1846 five
845 1792 999 1870 agnatus
1015 1770 1082 1862 fit,
1117 1790 1276 1845 naturae

178 1898 265 1972 pars
281 1890 318 1942 et
332 1874 374 1943 ιιι
396 1894 529 1960 omne,
563 1896 611 1943 ex
634 1885 711 1967 quo
736 1873 1011 1969 unusquisque
1014 1872 1061 1944 ad
1084 1874 1274 1973 agendum

181 1969 478 2063 determinatur,
508 1973 554 2047 ad
579 1990 735 2045 naturae
762 1974 974 2071 potentiam
996 1965 1128 2047 referri
1151 1975 1272 2065 debet,

15 2081 18 2096 '
142 2138 148 2145 .
180 2097 318 2169 nempe
341 2084 525 2170 quatenus
549 2076 639 2145 haee
644 2087 722 2170 pe'r
746 2090 920 2148 naturam
939 2078 1050 2169 liujus
1077 2092 1143 2148 eut
1165 2076 1276 2148 illiue
1322 2148 1325 2156 ,

134 2233 136 2237 -
178 2178 350 2253 ιιοιιιιιιιι
365 2174 514 2248 delium
525 2172 667 2271 potest.
670 2176 793 2247 Nihil
808 2182 968 2273 numque
982 2179 1114 2264 homo,
1141 2177 1201 2248 seu
1215 2200 1275 2247 ra

180 2280 306 2366 tiono,
332 2277 395 2349 sen
418 2277 495 2350 sola
521 2278 726 2372 cupiditate
749 2276 902 2365 duetus,
931 2276 1058 2379 agit,
1051 2274 1122 2381 nifi
1144 2279 1276 2355 secun·

181 2380 273 2468 dum
295 2333 396 2476 leges
417 2397 454 2451 et
477 2382 622 2477 regulas
643 2387 819 2497 naturae,
853 2382 927 2451 hoo
950 2376 1061 2471 est,(
1045 2391 1125 2475 (per
1139 2379 1273 2473 Arm}-

180 2464 291 2578 hujus
309 2484 399 2579 Cap
402 2493 419 2570 )
433 2504 481 2553 ex
500 2498 655 2601 neutrae
661 2484 765 2578 jure.
880 2500 886 2515 ·
973 2510 976 2517 ’

286 2688 316 2785 ι.
332 2690 397 2761 Vl.
451 2686 501 2758 At
523 2684 755 2780 plerique,
743 2706 895 2782 ignarae
922 2704 1076 2760 naturae
1101 2648 1275 2759 ordinem

182 2792 302 2891 magis
320 2786 600 2903 perturbare,
582 2808 694 2881 quam
716 2784 839 2883 sequi,
872 2786 1027 2859 eredunt
1051 2806 1087 2860 et
1102 2790 1274 2861 homines

180 2893 224 2965 in
247 2910 378 2962 natura
403 2887 536 2961 ¹·veluti
556 2886 796 2983 imperium
784 2912 826 2957 ιιι
849 2889 1009 2983 imperio
1041 2891 1272 2984 concipiunt.

181 3000 284 3064 Nam
308 2993 481 3061 Mentem
500 2988 739 3060 humanama
763 2990 879 3061 nullia
900 2988 1014 3063 caulis
1040 2991 1274 3063 naturalibus

182 3090 350 3165 statuunt
364 3088 539 3184 produci,
558 3088 629 3160 led
647 3114 666 3160 a
683 3092 770 3167 Deo
787 3090 1001 3163 immediate
1021 3092 1157 3183 creari,
1182 3116 1275 3165 are-
1304 3140 1309 3155 ·

181 3194 297 3288 liquis
313 3193 424 3263 rebus
449 3187 541 3261 adeo
563 3174 908 3285 independentem,
923 3210 965 3264 ut
986 3192 1191 3266 absolutam
1208 3187 1276 3265 ha·

153 3296 269 3367 ‘beat
290 3289 510 3389 potestatem
540 3290 612 3365 sese
645 3294 920 3365 determinandi
945 3310 983 3366 et
1008 3296 1171 3367 ratione
1178 3310 1275 3367 recte

181 3392 265 3499 [²⁷²]
292 3394 433 3467 utendi.
488 3392 559 3466 Sed
580 3396 806 3492 experientia
839 3392 922 3468 satis
949 3395 1129 3493 superque
1152 3397 1274 3484 docet,

180 3497 314 3596 quod
301 3521 343 3568 ιιι
360 3492 484 3568 nollra
501 3493 679 3591 potestate
701 3518 782 3568 non
805 3497 924 3597 magis
942 3494 1006 3585 lit,
1022 3494 1276 3570 ,Mentemsa-

178 3623 300 3685 nam,
325 3598 438 3694 quadr
460 3604 605 3694 Corpus
631 3598 764 3670 sanum
787 3558 934 3669 habere.
983 3598 1135 3673 Deinde
1157 3623 1276 3695 quan·

177 3702 382 3799 doquidem
397 3724 732 3796 unaquaequeres,
762 3716 950 3793 quantum
967 3700 1008 3769 in
1028 3700 1064 3771 se
1080 3694 1141 3786 est,
1167 3700 1275 3774 ιιιιιιιι

177 3803 259 3876 Ειιι
276 3802 491 3877 conservare
508 3818 684 3883 conatur,
710 3752 880 3871 dubitare
897 3824 1133 3898 nequaquam
1152 3798 1277 3898 pollu-

176 3930 283 4002 mua,
310 3904 421 3999 quin,
441 3900 796 3997 fiaequamnollra
816 3898 992 3996 potestate
1009 3898 1112 3991 ellet
1133 3920 1210 3974 tam
1226 3926 1275 3975 ex

177 4007 336 4079 rationis
362 4005 587 4120 praescripto
611 4003 760 4089 vivere,
797 4025 910 4099 quam
943 4026 1046 4075 caeca
1073 4005 1274 4099 cupiditate

177 4110 289 4196 dlrei,
313 4127 444 4179 omnes
472 4107 618 4176 ratione
637 4104 875 4175 ducerentur
891 4121 927 4174 et
948 4106 1068 4177 vitam
1089 4104 1274 4205 sapienter

171 4206 420 4299 instituerent,
445 4205 718 4306 quodminime
734 4202 788 4275 lit.
817 4211 924 4279 Nam
935 4202 1049 4322 trahit
1066 4203 1128 4281 lua
1144 4228 1272 4305 quem·

1200 4329 1271 4405 que
