2742 4684
458 274 536 353 'Dr
559 216 821 380 neptunum:
920 276 952 288 ''
1062 220 1188 363 Ι355

83 463 260 540 merim·
282 460 538 536 multitudinis
553 448 662 538 saluti
682 460 864 533 ‘consulite
909 465 1103 556 Quaenam
1126 484 1188 531 au-

84 582 171 638 tem
189 569 279 639 hoec
299 567 451 659 Imperii
472 564 710 642 Monarchici
733 562 976 633 fundamenta
997 558 1088 646 lint,
1113 562 1207 654 prin·
1249 650 1258 659 ·

85 692 200 739 mum
216 665 375 743 breviter
390 674 664 763 proponimret
686 662 983 737 deindeordine
1006 686 1047 735 ea
1071 659 1191 735 osten·

84 768 192 846 dem.

195 972 226 1071 ᾖ.
252 978 316 1047 tx
368 974 467 1047 Urbs
483 996 578 1061 una,
603 972 809 1067 eutplures
826 970 1043 1043 condendae
1058 986 1095 1043 et
1108 994 1189 1041 mu·

91 1072 255 1171 riieurlae
289 1075 394 1165 sunt,
428 1099 586 1170 quarum
619 1096 751 1146 omnes
775 1075 893 1160 cives,
926 1070 998 1144 five
1027 1072 1189 1149 iiiutre

90 1176 268 1265 moenia,
305 1175 383 1248 live
407 1196 510 1248 extra
534 1180 689 1271 propter·
711 1174 989 1272 agriculturam
1005 1172 1190 1262 habitent,

92 1278 226 1348 eodem
243 1280 412 1348 Civitatis
429 1283 508 1370 jure
525 1276 727 1374 gaudeant3
753 1300 793 1345 ea
812 1292 934 1345 tamen
954 1274 1187 1363 conditione,

88 1396 139 1448 ut
163 1402 407 1476 unaquaeque
431 1398 575 1459 certum
601 1376 740 1449 civium
763 1392 965 1447 numerum
988 1375 1034 1445 etl
1059 1375 1121 1445 tui
1150 1390 1189 1447 et

91 1486 337 1553 communem
374 1479 626 1552 defenfiouem
657 1478 809 1559 habeam
860 1499 953 1573 quoe
990 1493 1114 1546 autem
1137 1474 1187 1571 {id
1250 1540 1252 1548 .

92 1578 274 1675 praeliare
295 1582 449 1681 nequit,
471 1584 555 1656 aliie
581 1581 861 1667 conditionibus
885 1580 927 1651 in
952 1576 1096 1651 ditione
1121 1579 1187 1651 hi·
1266 1574 1271 1583 ’

89 1682 228 1764 banda.
482 1721 484 1724 ·
649 1683 653 1693 '

165 1885 231 1976 ἐ.
256 1892 302 1959 X.
355 1886 498 1962 Militia
517 1913 564 1963 ex
580 1884 669 1988 lolia
693 1888 858 1979 civibus,
883 1888 994 1961 nullo
1019 1902 1185 1981 excepto,
1265 1962 1267 1972 ,

87 1986 291 2071 ,formanda
308 1984 357 2063 eft
373 2008 473 2063 etex
487 1990 604 2062 nullis
618 1990 702 2061 eliis
711 2016 724 2077 3
746 2009 856 2085 atque
872 1989 964 2063 adeo
980 2014 1111 2061 omnes
1129 2014 1186 2059 ar·

91 2116 155 2163 me
170 2092 304 2162 hebere
325 2108 522 2162 teneantur
543 2110 585 2163 et·
605 2094 735 2164 nullus
757 2095 797 2162 in
822 2094 960 2165 civium
986 2114 1186 2162 numerum
1242 2152 1247 2167 .

90 2192 311 2287 recipiatur,
352 2192 418 2262 nili
439 2189 634 2289 postquem
668 2194 887 2264 exercitium
917 2194 1077 2263 militare
1104 2184 1184 2292 [²⁹⁴]

82 2292 283 2380 didicerit,
307 2294 478 2389 illudque
490 2292 641 2390 'signatis
662 2296 753 2365 anni
769 2293 1002 2389 temporibus
1019 2318 1185 2363 exercere

58 2417 64 2426 '
89 2394 285 2490 pollicitus
307 2392 434 2473 fuerit,
496 2397 663 2483 Deinde,
703 2394 994 2489 uniuscujusque
1020 2393 1185 2465 familiae

88 2495 227 2566 militia
245 2495 286 2566 in
304 2497 475 2570 cohortes
491 2515 528 2567 et
543 2500 711 2593 legiones
731 2498 865 2582 divisa,
890 2496 1035 2565 nullius
1053 2488 1184 2565 cohor*-

1 2653 5 2662 .
87 2597 143 2667 tis
162 2597 240 2665 dux
255 2598 469 2693 eligendus,
495 2596 562 2667 nisi
584 2598 957 2699 quiArchitpcturam
981 2598 1184 2666 militarem

80 2702 253 2771 noverit.
306 2703 426 2770 Porro
438 2702 661 2790 ⁴cohortium
676 2717 712 2768 et
728 2701 923 2795 legionum
940 2698 1050 2770 duces
1065 2700 1111 2767 ad
1128 2698 1183 2769 vi·

79 2816 170 2871 tam
182 2800 360 2893 quidem,
388 2800 446 2879 led
463 2803 527 2895 qui
542 2798 704 2876 familiae
715 2804 829 2873 unius
845 2803 1011 2896 integrae
1027 2799 1183 2871 militiae

88 2900 260 2994 imperet,
276 2901 318 2973 in
338 2903 438 2974 bello
454 2904 721 2975 tantummodo
740 2904 947 2999 eligendus,
964 2902 1182 2996 quianuum

88 3002 138 3075 ad
154 3001 344 3073 summurn
359 3005 561 3098 imperium
576 3006 718 3094 habeat,
739 3030 808 3077 nec
823 3004 1037 3075 continuari
1057 3004 1096 3073 in
1113 3003 1181 3073 im·

79 3104 218 3202 perio,
244 3128 314 3176 nec
331 3101 453 3199 postea
468 3106 556 3203 eligi
572 3102 689 3199 pellit.
729 3121 850 3205 Atque
866 3106 906 3177 hi
920 3104 1083 3201 eligendi
1098 3103 1185 3175 lunt

88 3230 140 3277 ex
155 3207 266 3301 Regis
284 3206 530 3292 Confilieriis,
556 3209 616 3292 (tle
633 3208 763 3303 quibus
784 3212 861 3283 Art.
887 3222 945 3293 15.
963 3224 996 3278 et
1006 3200 1110 3305 seqq.
1131 3207 1184 3275 di.

86 3310 259 3401 cendurn)
277 3310 338 3380 vel
353 3308 419 3403 qui
435 3306 563 3379 officio
580 3308 789 3384 Confiliarii
803 3309 927 3382 functi
941 3306 1039 3382 lunt.

110 3531 112 3538 ·
194 3508 224 3604 l
246 3514 314 3585 XI.
367 3511 549 3609 Omnium
575 3512 731 3584 urbium
757 3513 902 3585 incolae
925 3530 963 3585 et
988 3502 1183 3610 agricolae,

84 3612 162 3687 hoc
177 3608 237 3697 est,
262 3636 393 3681 omnes
404 3614 511 3684 Cives
526 3616 568 3684 in
587 3612 750 3685 familias
762 3614 955 3685 dividendi
972 3615 1069 3700 lunt,
1090 3636 1185 3710 quae

83 3714 244 3787 nomine
258 3732 295 3782 et
310 3712 448 3814 insigni
471 3716 597 3809 aliquo
620 3713 895 3812 distinguantur
921 3734 957 3787 et
981 3740 1113 3788 omncs
1140 3740 1193 3787 ex·
1296 3724 1299 3733 '

82 3816 212 3908 aliqua
229 3818 365 3885 harum
380 3812 611 3887 familiarum
627 3818 747 3913 geniti
764 3818 804 3886 in
825 3818 966 3889 civium
983 3840 1186 3887 numerum

81 3916 334 4009 recipiantur,
360 3940 566 4012 eorumque
580 3920 736 3991 nomina
753 3919 793 3987 in
817 3921 1029 4017 catalogum
1054 3942 1186 3989 eornm

79 4014 253 4091 familiae
273 4016 506 4112 redigantur,
535 4018 686 4093 simulac
707 4042 755 4113 eo
781 4020 908 4111 aetolia
933 4021 1187 4115 pervenerint,

80 4138 127 4191 ut
144 4142 247 4208 arma
269 4116 366 4186 ferre
390 4136 426 4188 et
448 4119 618 4192 officium
633 4122 751 4191 'lirum
781 4120 932 4193 noscere
954 4120 1113 4219 poffiu't3
1140 4122 1186 4193 iis

81 4228 214 4293 tamen
229 4222 412 4317 exceptis,
442 4222 511 4318 qui
526 4228 577 4295 ob
594 4224 715 4299 [celus
739 4223 896 4325 aliquod
916 4226 1099 4313 infamas,
1125 4222 1187 4295 vel

1119 4324 1186 4420 qui
1223 4383 1225 4393 .
