2742 4684
237 296 310 383 386
469 294 830 384 Tnncrnrrl’ocru.
882 294 968 363 cte.
993 288 1095 372 VIII,

150 511 153 534 ¹
235 494 501 569 cllirmcntium
518 490 848 579 fucritnumerus,
888 510 930 564 ut
953 512 1034 567 tum
1059 496 1324 595 syndicum

236 602 449 674 Concilium
467 598 615 669 Senatui
633 595 868 692 adiungetur,
892 598 959 691 qui
976 597 1084 672 timul
1101 626 1187 671 cum
1207 608 1326 674 Sena.

234 704 379 775 toribus
405 696 573 795 suffragiu
596 696 737 785 ferant,
779 699 930 769 calculis
954 699 1195 773 solummodo
1219 700 1325 775 offir-

234 805 444 890 mnntibus,
469 818 533 872 out
548 802 792 895 negantibus,
820 797 1033 889 or'niffis'iio,
1059 807 1125 897 qui
1142 806 1323 878 animum

167 898 170 903 ’
234 906 454 1000 ambiguum
472 904 651 974 indicent.
705 902 806 971 Circa
827 926 896 989 res,
925 926 1018 995 quac
1035 904 1079 975 nd
1098 906 1321 999 supremum

234 1011 445 1078 Concilium
463 1031 482 1075 a
500 1010 635 1077 Scnctn
661 1001 897 1089 deferuntur,
938 1007 1038 1077 idern
1065 1008 1160 1078 ordo
1185 1028 1322 1083 teuco-

232 1111 303 1182 dus
327 1104 389 1185 est.
442 1114 543 1178 Haec
559 1108 605 1177 de
621 1110 769 1180 Senatu.

333 1323 363 1397 §.
389 1316 574 1384 mvn.
624 1306 682 1379 Ad
699 1306 825 1380 forum
841 1308 942 1405 quod
970 1312 1118 1400 attinet,
1148 1312 1225 1387 live
1250 1318 1317 1389 tri·

231 1415 369 1502 bunal,
395 1439 474 1484 non
492 1408 607 1505 potest
623 1412 752 1481 iisdem
770 1410 1024 1487 fundamentis
1046 1418 1138 1505 niti,
1170 1420 1314 1513 quibus

230 1518 353 1604 illud,
380 1517 481 1611 quod
498 1516 564 1587 [ub
587 1515 791 1585 lllonarche
809 1510 876 1600 est,
911 1518 1068 1611 utillud
1091 1524 1133 1589 in
1164 1526 1313 1615 (Σαμᾶ.

231 1627 314 1695 Art.
339 1621 463 1691 26.·ct
488 1613 850 1709 seq.descrips1mus'.
903 1623 1000 1689 Nam
1025 1621 1111 1715 (per
1133 1626 1220 1697 Art.
1250 1641 1314 1713 14.

160 1791 163 1798 ,
233 1721 340 1809 hujus
369 1723 488 1813 Cap.)
510 1744 593 1788 cuni
626 1714 882 1789 fundamentis
912 1720 1037 1809 hujus·
1053 1724 1203 1817 imperii
1227 1750 1312 1797 non

232 1822 432 1909 convenit,
464 1820 607 1890 oculta
632 1822 726 1892 ratio
758 1817 925 1913 stirpium
967 1820 1042 1897 five
1070 1822 1306 1901 familiarum

230 1923 424 2000 habeatur.
501 1920 650 1995 Deinde
686 1922 773 2017 quia
806 1922 970 2002 Judiono.
989 1949 1036 1997 ex
1068 1926 1157 1999 solis
1188 1931 1309 2001 Petri·

227 2022 328 2130 [³³⁵]
346 2024 414 2097 ciis
438 2024 566 2112 electi,
604 2040 710 2097 metu
732 2024 880 2119 quidem
898 2024 1172 2103 succedentium
1193 2033 1311 2105 Potri-

232 2131 378 2203 ciorum
422 2128 605 2200 contineri
637 2124 798 2221 pollent,
840 2137 894 2199 ite
921 2132 963 2201 in
988 2152 1118 2203 comm
1139 2134 1310 2231 aliquem

158 2283 160 2286 -
230 2234 406 2328 iniquom
421 2228 821 2324 eliqucmlentcntiom
843 2234 1111 2325 pronuncient,
1146 2252 1183 2307 et
1205 2234 1312 2315 forto

229 2356 276 2409 ut
298 2359 422 2429 neque
445 2358 511 2407 cos
535 2333 737 2406 secundum
762 2336 892 2407 merita
916 2336 1049 2429 punire
1077 2334 1309 2425 sustineant3

228 2440 295 2512 ted
313 2452 442 2511 contra
461 2437 502 2507 in
519 2437 686 2531 plebeios
704 2438 830 2507 omnia
856 2438 1051 2529 cuderent,
1083 2456 1120 2512 et
1142 2442 1312 2537 loeuple-

230 2559 289 2613 tes
299 2540 468 2637 quotidie
484 2538 524 2608 in
533 2542 706 2632 praedem
722 2557 902 2634 reperent.
956 2542 1038 2615 Scio
1054 2544 1125 2615 hac
1139 2544 1185 2615 de
1201 2543 1310 2617 causo

232 2640 484 2715 Genuenfium
500 2640 700 2713 confilium
723 2641 889 2712 amultis
917 2644 1084 2737 probari,
1117 2646 1218 2741 quod
1243 2646 1311 2719 soi·

231 2746 324 2819 licet
358 2768 439 2817 non
463 2769 510 2815 ex
545 2745 732 2832 Petriciis,
770 2744 831 2815 sed
857 2770 904 2815 ex
928 2748 1134 2845 Peregrinis
1156 2748 1311 2828 Judioee

234 2849 394 2943 eligan13
422 2846 483 2919 led
498 2848 571 2916 hoe
586 2846 680 2917 mihi
696 2870 775 2917 rem
791 2844 965 2920 abstracte
982 2850 1228 2921 confiderunti
1241 2852 1310 2924 ub·

233 2950 345 3022 surde
356 2944 569 3019 institutum
585 2949 746 3033 videtur,
771 2962 814 3017 ut
830 2952 1030 3047 Peregrini,
1057 2970 1093 3024 ct
1107 2976 1186 3024 non
1195 2956 1311 3026 Patri·

236 3053 306 3138 cii,
334 3051 381 3125 ud
397 3056 517 3146 Leges
534 3050 828 3143 interpretandos
844 3070 1039 3129 vocentur.
1092 3062 1190 3125 Nam
1214 3056 1309 3161 guid

235 3152 501 3232 eliudJudices
531 3153 631 3235 sunt,
662 3152 735 3223 niti
756 3158 899 3250 Legunt
922 3156 1161 3251 interpretes;
1196 3184 1309 3255 quaro

235 3256 333 3332 mihi
355 3254 579 3349 persuadeo,
619 3255 829 3327 Genuenses
851 3258 892 3328 in
921 3260 994 3330 lroe
1018 3260 1128 3331 etiam
1152 3264 1309 3357 negotio

236 3359 358 3453 magis
375 3357 457 3429 luce
473 3357 595 3452 gentis
609 3358 805 3457 ingenium
822 3414 831 3444 ,
857 3385 966 3453 quam
982 3362 1097 3454 ipsam
1114 3360 1226 3453 hujus
1242 3368 1309 3435 im·

235 3462 331 3556 perii
346 3478 517 3532 naturam
538 3458 740 3555 respexisse.
792 3463 913 3533 Nobis
939 3464 1055 3559 igitur
1075 3490 1156 3537 rem
1180 3462 1312 3537 abstra-

237 3580 296 3636 cte
319 3561 636 3635 confiderentibus
665 3562 788 3633 media
813 3565 1056 3660 excogitando
1077 3566 1180 3655 sunt,
1215 3593 1312 3662 quae

237 3690 325 3738 oum
338 3664 452 3754 hujus
466 3666 661 3761 regiminis
678 3662 799 3737 forme
816 3668 957 3761 optime
973 3670 1219 3749 conveniunt.
1289 3729 1294 3735 .

339 3879 372 3955 §.
397 3874 597 3943 xxxvttt.
650 3857 721 3941 Sed
739 3869 784 3941 ad
799 3870 976 3949 lodicum
997 3874 1311 3971 numerumquod

238 3973 391 4059 attinet,
414 3974 568 4043 nullum
585 3968 806 4064 singularem
834 3972 946 4063 hujus
976 3970 1206 4060 ,statuentia
1237 3978 1313 4050 exi·

238 4078 320 4168 ῥὶς
346 4074 424 4162 sed,
448 4073 546 4144 utin
570 4072 729 4166 irnperio
754 4078 1017 4163 Monarchicu,
1057 4079 1108 4151 ita
1132 4082 1243 4153 etiem
1269 4078 1311 4152 iu

237 4180 311 4250 hoc
328 4179 494 4272 apprime
510 4176 698 4248 observari
715 4175 843 4263 debet,
872 4195 913 4248 ut
929 4181 1057 4275 plures
1076 4179 1165 4269 sint,
1199 4206 1312 4279 quem

236 4298 279 4350 ut
301 4306 323 4351 e
344 4280 429 4351 ciro
460 4280 606 4375 privato
629 4279 823 4375 corrumpi
844 4277 988 4375 pollicit.
1055 4286 1155 4357 Nam
1178 4288 1311 4361 'eorum

1226 4382 1309 4461 offi-
