2742 4684
197 303 202 331 ¹
227 292 304 396 3'73
471 287 670 402 Tmcrir.
689 300 822 367 l’omr.
875 268 1091 388 ola'vm„

110 483 118 494 ’
225 500 326 580 eitto'
337 498 592 603 quaestionem
609 452 753 595 dejure
771 468 897 599 aliquo
913 468 1304 577 tundameiatalifmoa

107 628 114 646 '
205 609 349 695 averit,
382 625 514 707 utpote
530 607 577 679 de
607 608 868 710 p'rolonganda
894 605 1053 699 alicujus
1077 607 1195 679 Duois
1227 630 1301 681 ex·

222 712 361 784 orcitus
378 710 658 797 dominatione,
706 710 768 781 vel
792 709 841 781 de
859 732 1019 783 numero
1043 709 1299 784 Patriciorum

221 813 453 901 minuendo,
489 829 527 885 et
541 810 745 901 fimilibuo,
771 828 815 885 ut
830 836 917 885 reus
935 803 1139 903 Maiestatis
1156 808 1220 901 fit,
1256 830 1296 885 et:

219 920 305 990 non
325 933 473 991 tantum
497 915 630 988 mortis
656 916 873 1005 damnetur,
906 912 1060 1011 ejusque
1084 915 1184 987 bona
1207 938 1293 1013 pro·

218 1020 449 1109 scribantur,
475 1017 537 1092 sad
553 1036 596 1090 ut
612 1017 785 1116 supplicii
803 1015 1161 1120 aliquodfignumin
1175 1034 1296 1091 aeter·

218 1127 311 1197 nam
327 1124 381 1193 rei
402 1124 624 1195 memoriam
640 1122 683 1191 in
696 1120 853 1219 publico
880 1116 1061 1197 emineat·
1088 1150 1093 1157 “
1112 1120 1174 1191 Ad
1200 1122 1293 1193 reli·

246 1251 293 1297 ua
308 1250 399 1297 vero
417 1225 640 1313 communian
648 1222 799 1325 imperii
814 1222 895 1314 jura
911 1219 1176 1295 stabiliendum
1192 1220 1292 1297 suffi-

180 1354 187 1377 ·
246 1328 293 1414 ‘t‚
318 1324 478 1403 simodo
494 1322 690 1415 statuatur,
718 1345 760 1399 ut
774 1332 855 1399 Lex
868 1328 974 1399 nulla
992 1327 1182 1423 abrogari,
1215 1349 1289 1399 neo

216 1434 321 1503 nova
337 1430 452 1503 condi
466 1424 591 1523 pellit,
632 1427 703 1501 nisi
719 1430 824 1533 prius
843 1430 1095 1529 syndicorum
1119 1430 1290 1503 Gonoili·

217 1548 305 1624 itm,
331 1549 370 1606 et
390 1531 526 1608 deinde
542 1526 703 1627 supremi
726 1528 901 1606 concilii·
918 1550 993 1609 tres
1017 1550 1187 1629 quartae,
1220 1549 1291 1613 aut

213 1654 378 1740 quatuor
393 1641 545 1737 quintae
559 1652 683 1730 portes
698 1636 741 1711 in
760 1662 805 1708 eo
821 1629 1083 1714 commertar
1122 1662 1125 1671 '

315 1847 351 1933 ᾗ.
377 1847 507 1918 XXVI.
543 1848 816 1938 Juspraeterea.
833 1843 1048 1939 supremum
1058 1842 1280 1915 Concilium

208 1946 453 2022 ‘convocandi
477 1968 611 2041 resque
635 1946 887 2019 decernendas
917 1947 960 2017 in
986 1942 1119 2018 eodem
1140 1970 1283 2041 propo-

102 2056 106 2075 '
209 2048 330 2123 nendi
345 2069 461 2144 penes
477 2048 661 2139 Syndicos
678 2046 743 2137 fit,
770 2049 908 2146 quibus
924 2049 1043 2121 etiam·
1057 2050 1200 2144 primus
1222 2048 1283 2121 lo·

210 2174 280 2225 eus
296 2153 339 2224 in
355 2141 527 2224 concilio
545 2150 791 2238 comedamur
819 2152 881 2229 sed
903 2150 980 2224 ine
1001 2147 1292 2249 montisregii.-

208 2258 380 2345 Verum,
408 2271 609 2351 antequam
623 2254 784 2343 sedeant,
810 2253 931 2346 jurare
947 2256 1085 2327 debent
1100 2272 1169 2350 per
1183 2255 1281 2326 salu-

80 2370 82 2374 ’
136 2351 143 2381 “
208 2374 289 2431 tem
310 2359 474 2456 supremi
495 2358 602 2429 illiue
618 2358 783 2431 concilii
807 2360 956 2455 perque}
976 2360 1186 2430 libertatem
1210 2382 1280 2452 pu-

181 2495 184 2506 ·
209 2449 364 2549 ilicem,
390 2460 427 2535 se
444 2462 591 2533 summo
605 2456 726 2534 fludio
750 2479 972 2548 conaturos,
997 2478 1042 2533 ut
1056 2459 1137 2552 jura
1154 2462 1279 2555 patria

209 2566 398 2637 inviolata
416 2562 610 2638 serventur
635 2581 673 2636 et
698 2564 894 2637 communi
917 2564 1020 2637 bono
1038 2562 1277 2647 consulatum

206 2691 284 2771 quo
315 2664 419 2739 facto
449 2692 510 2740 res
539 2668 805 2763 proponendas
837 2666 970 2740 ordine
1005 2666 1172 2765 aperiant
1206 2691 1277 2764 per

204 2766 439 2858 ministrum,
461 2770 531 2870 qui
546 2768 634 2873 iplia
650 2794 672 2843 a
689 2768 845 2845 secretis
863 2766 924 2844 ast.
1001 2778 1003 2785 ’

305 2986 335 3062 §-
361 2980 511 3055 XXVII.
564 2980 615 3047 Ut
645 2991 771 3049 autam
802 2977 845 3048 in
874 2975 1131 3064 decernendo,
1167 2992 1205 3049 et
1228 2976 1273 3049 in

201 3076 391 3176 eligendis
405 3079 568 3174 imperiii
580 3074 759 3153 ministris
777 3078 955 3153 omnibus
971 3080 1138 3154 Patrim'ia
1155 3104 1272 3177 aequa

200 3176 248 3253 sit
262 3176 440 3280 potestas,
476 3200 514 3253 et
528 3182 658 3255 celeria
674 3182 865 3279 expeditio
882 3186 922 3255 in
948 3183 1127 3255 omnibus
1151 3184 1278 3270 detur,‘

199 3285 364 3355 omnino
381 3286 601 3379 probandus
625 3282 676 3358 ast
702 3284 822 3376 ordo,
857 3310 969 3383 quem
993 3288 1127 3359 Veneti
1150 3286 1276 3358 obser-

197 3404 313 3474 vent,
340 3388 407 3486 qui
424 3388 564 3460 seilicet
580 3392 627 3461 ad
641 3392 899 3464 nominandos
911 3389 1061 3485 imperii
1077 3385 1271 3461 ministros
1310 3468 1313 3478 ,

186 3490 346 3585 aliquot
366 3517 387 3562 e
405 3493 577 3565 Concilio
593 3493 692 3566 sorta
713 3494 886 3591 eliguntr
917 3508 955 3564 et
977 3494 1023 3565 ab
1048 3494 1109 3566 his
1133 3492 1270 3566 ordino

195 3588 379 3666 ministris
396 3594 580 3690 eligendis
596 3596 823 3685 nominatio,
864 3596 1119 3691 unusquisque
1151 3596 1269 3669 Patri-

198 3698 281 3769 oius
297 3694 519 3769 sententiam
543 3697 667 3786 sitam,
709 3724 781 3795 qua
798 3696 1031 3795 propolitum
1054 3695 1268 3772 ministrum

197 3798 417 3896 eligendum
432 3800 588 3894 probat,
611 3803 684 3875 -vel
707 3802 914 3898 reprobat,⁸
936 3802 1078 3874 indioat
1102 3797 1270 3889 caleatis,

194 3904 250 3979 ita
265 3898 448 3997 utpoftea
463 3905 677 3998 ignoretur,
711 3904 879 4001 quisnam
905 3903 1039 3997 hujus,
1075 3922 1140 3977 aut
1160 3906 1268 3977 illiue

193 4002 680 4085 sententiaefueritauctore
707 4032 783 4105 quo
798 4007 929 4082 sitnon
938 4022 1098 4096 tantum,
1124 4007 1276 4081 atomi·

195 4102 294 4217 [w]
318 4110 427 4180 nium
452 4111 699 4182 Patriciorum
728 4111 772 4181 in
805 4110 1040 4185 decernendo
1067 4112 1268 4184 auctoritas

196 4210 363 4307 aequalis
383 4209 445 4296 lit,
481 4228 519 4282 et
543 4229 586 4281 ut
615 4214 767 4310 negotia
793 4216 868 4288 aito
895 4214 1163 4310 expediantm3
1205 4214 1267 4287 sed

196 4314 309 4393 etiam
325 4329 369 4385 ut
383 4314 643 4414 unusquisque
660 4316 868 4391 absolutam
893 4318 1125 4409 libertatem,
1161 4314 1267 4435 quod

1222 4442 1266 4489 m
