2742 4684
211 248 284 324 552
394 221 404 232 ’
453 224 659 346 Tuom·
683 244 818 321 ζοιιτ.
868 220 963 301 Cae.
979 226 1061 301 Vll.

210 410 411 505 consiliarii
426 408 708 508 habendiiuut)
733 426 987 509 praeterquam
1011 434 1055 509 ⁸⁰.
1073 436 1195 507 appo,
1221 438 1302 513 quo
1352 466 1359 479 .

210 515 303 620 juris'
321 511 483 611 prudens
498 512 661 605 alicujua'
669 509 834 585 familiae
849 513 949 626 cedit
964 508 1001 585 'et
1018 514 1140 630 nortia
1152 514 1234 611 ejus
1241 521 1303 607 lo-

207 648 254 729 cp
272 620 436 716 eligitur.
671 629 691 640 “·
1140 621 1144 634 ’

128 893 133 900 ,
313 817 460 917 §.xm
512 820 595 887 Rex
608 831 793 911 praeterea
816 816 945 889 nullus
967 804 1146 910 majorem
1167 814 1305 892 flbile-

211 922 407 1021 curitatem
430 916 599 1015 polliceri
623 910 742 1026 potest
751 918 777 1011 ,J
796 908 912 1014 quam'
935 922 1001 1013 qui
1024 920 1064 990 in
1088 904 1304 1011 hujusmodi

211 1024 368 1098 civitate
381 1037 521 1118 regnac
571 1024 682 1104 Nam,
712 1040 962 1115 praeterquam
982 1024 1083 1117 quod
1099 1018 1174 1093 'cito
1191 1025 1302 1117 perit,

185 1150 193 1165 ·
211 1148 325 1223 quem
342 1123 396 1193 lui
411 1124 551 1192 milites
574 1118 715 1190 salvum
733 1114 800 1189 elle
818 1122 974 1207 uolunt,
1000 1116 1141 1193 cert'u'm
1162 1122 1210 1197 eil
1227 1119 1302 1209 Ηυξ

212 1228 322 1328 gibus
347 1224 534 1295 summum
567 1220 708 1315 semper
737 1222 948 1315 periculum
970 1220 1038 1295 elle
1062 1224 1106 1294 ab
1133 1226 1202 1315 iis,
1234 1227 1303 1323 qui

210 1332 264 1403 eie
293 1323 460 1422 proximi
487 1323 587 1394 sune
639 1332 723 1418 Quo
752 1322 867 1420 igitur
898 1317 1108 1395 consiliarii
1138 1352 1301 1399 numero

209 1431 405 1527 pauciores
421 1441 458 1496 et
480 1423 749 1519 consequenter
775 1424 1000 1517 potedtioree
1017 1424 1121 1514 lunt,
1135 1452 1189 1519 ‚eo
1204 1424 1301 1529 Regi

210 1536 333 1623 majus
350 1531 395 1599 ab
413 1522 499 1621 ipfia
515 1524 724 1619 periculum
740 1520 807 1611 eil,
833 1548 882 1594 ne
903 1524 1104 1621 imperium
1119 1529 1160 1619 in
1178 1530 1301 1621 alium

211 1628 448 1706 transferant.
509 1626 616 1696 Nihil
654 1624 740 1694 sane
782 1624 966 1697 Davidem
998 1630 1116 1725 magis
1151 1632 1300 1721 terruit,

212 1758 325 1830 quam
341 1731 446 1827 quod
463 1722 575 1823 ipstus
592 1720 831 1799 confiliarius
849 1725 1073 1825 Achitophel
1090 1748 1212 1824 partes
1226 1734 1301 1804 Ab·

212 1834 347 1907 solumi
375 1830 545 1929 elegerat.
614 1834 700 1913 Huc
728 1828 885 1915 accedit,
929 1826 956 1901 fi
990 1832 1116 1902 omnis
1140 1830 1300 1927 potestas

212 1940 254 2008 in
272 1957 392 2004 unum
408 1930 576 2002 absolute
590 1929 769 1999 translata
793 1921 925 2017 fuerit,
960 1954 1054 2025 quae
1077 1950 1159 2003 tum
1183 1928 1300 2033 loug'e

209 2038 360 2109 facilius
371 2058 418 2105 ex
432 2056 511 2102 uno
527 2026 567 2099 iit
585 2030 700 2100 alium
720 2028 912 2103 transferri
920 2030 1051 2125 potest.
1089 2035 1301 2130 ·Suscepere

208 2138 309 2213 enim
335 2138 410 2206 duo
438 2132 695 2224 Manipulares
720 2132 917 2227 imperium
939 2140 1155 2225 Romanum
1179 2155 1301 2229 nans·

210 2228 308 2316 ferre
335 2254 372 2310 et
393 2233 821 2326 transtuleruut(Tacit.
840 2229 932 2305 Hist.
958 2234 1023 2310 lib.
1046 2240 1093 2330 1.)
1154 2240 1299 2311 Omitto

212 2338 293 2446 [³⁰⁸]
318 2340 413 2412 actea
440 2353 478 2407 et
501 2332 598 2406 allus
621 2334 776 2405 callidos
800 2330 1125 2425 Conssliariorum,
1159 2340 1299 2441 quibua

177 2521 181 2527 ,
209 2445 276 2517 libi
303 2464 431 2514 cavere
456 2436 612 2523 debent,
646 2461 701 2506 ne·
719 2436 883 2509 invidiae
913 2437 1179 2529 immolentur,
1211 2443 1299 2537 quia

210 2546 326 2619 nimis
342 2542 426 2611 noti
443 2538 550 2626 iunt3
575 2554 612 2607 et
633 2561 758 2625 nemo,
785 2538 850 2632 qui
866 2534 1046 2611 Historias
1059 2538 1163 2638 legit,
1189 2543 1298 2640 igno-

212 2672 292 2718 rare
310 2638 445 2740 potest,
473 2635 699 2710 Conliliariis
715 2636 825 2709 fidem
842 2640 1060 2735 plerumque
1076 2644 1193 2713 exitio
1208 2639 1308 2760 fuis!

213 2750 267 2838 se;
301 2734 423 2840 atque'
437 2740 550 2825 adeo,
587 2757 630 2807 ut
649 2736 720 2809 ‘fibi
750 2758 921 2826 caveant,
957 2740 1103 2815 eosdem
1127 2738 1297 2830 callidos,

211 2874 291 2920 non
304 2838 403 2915 'fidos
418 2839 488 2913 elle
512 2856 672 2935 oportet.
727 2840 795 2910 Se'd
812 2836 1059 2914 denuntiarit
1084 2844 1209 2939 platea
1225 2870 1298 2917 nu·

212 2974 335 3033 mero,
357 2966 469 3039 quam
487 2960 530 3011 ut
545 2945 588 3010 in
602 2942 733 3012 eodem
750 2941 1093 3015 scelere‘convenire
1109 2942 1245 3038 polsmt
1262 2964 1299 3019 et

212 3070 343 3118 omnes
369 3048 470 3112 inter
493 3040 527 3111 le
554 3044 722 3134 aequales
746 3040 836 3132 lint,
875 3067 944 3115 nec
979 3047 1076 3137 ultra
1100 3048 1297 3142 quadrien-

208 3151 318 3223 nium
335 3168 381 3219 eo
403 3140 525 3215 officio
546 3140 772 3238 fungantur,
807 3145 903 3243 Regi
916 3170 1151 3241 nequaquam
1165 3148 1299 3221 formi-

208 3247 327 3324 doloii
347 3244 414 3318 elle
430 3261 594 3341 queunt,
620 3242 689 3315 nili
706 3246 915 3319 libertatem
929 3248 976 3319 iis
993 3248 1152 3319 adimere
1169 3268 1296 3337 tentet,

210 3379 286 3450 quo
305 3357 439 3424 'omnes
464 3347 561 3417 cives
589 3346 725 3439 pariter
750 3344 922 3419 offendet
974 3354 1092 3435 Nam,
1125 3358 1187 3435 (ut
1209 3360 1295 3423 Ant.

209 3457 382 3529 Perezius
406 3450 547 3545 optima
565 3452 691 3537 notat)
712 3447 872 3545 imperio
895 3448 1065 3521 absoluto
1083 3453 1139 3523 uti
1153 3454 1292 3525 Princi-

181 3622 186 3631 .
210 3561 250 3653 pi
273 3551 477 3627 admodum
495 3551 763 3643 periculolum‚
789 3550 944 3621 subditis
969 3551 1175 3623 admodum
1191 3555 1280 3625 odio

58 3696 61 3704 ·
118 3679 124 3705 ‘
209 3658 344 3757 sumet
360 3648 536 3724 institutis
553 3668 628 3719 tam
653 3651 816 3737 divinis,
842 3676 955 3745 quam
973 3654 1146 3728 humanis
1168 3643 1293 3729 adver·

208 3759 310 3847 lum,
336 3773 379 3828 ut
391 3754 589 3824 innumera
603 3746 810 3822 ‘ostendunt
825 3754 1006 3849 exempla.

313 3954 346 4059 ᾗ.
364 3960 444 4026 XV,
492 3953 756 4039 Praeteritum,
782 3956 852 4027 alia
869 3954 1112 4049 fundamenta
1127 3953 1166 4025 in
1177 3978 1295 4051 praec-

209 4067 298 4157 Cap.
320 4058 494 4152 jecimus,
522 4079 568 4123 ex
591 4055 728 4151 quibus
749 4060 843 4153 Regi
866 4082 1002 4155 magua
1025 4057 1174 4151 imperii
1196 4076 1233 4127 et
1250 4058 1294 4128 ci·

207 4162 320 4237 ribus
344 4156 526 4262 libertatia
546 4178 589 4228 ac
604 4157 705 4254 pacis
729 4156 956 4269 obtinendae
972 4158 1142 4232 securitas
1167 4160 1300 4247 oritur,

929 4289 932 4299 ·
1192 4284 1286 4357 quae
