2742 4684
197 260 272 349 176
498 198 505 209 1
557 257 737 329 Eunicus
762 255 938 331 Pauslls.

296 432 452 512 Senon.
488 437 790 533 HaccTristitia,
825 441 1107 515 concomitante
1116 442 1302 515 {desno-
1344 520 1351 543 ,

100 572 106 591 ·
191 538 287 621 strae
306 526 592 630 imbecillitatis,
630 544 837 615 Humilitas
868 547 1094 638 appellatur;
1123 546 1295 617 -Laetitia

180 639 341 731 '‘autem,
370 666 464 739 quae
485 669 532 719 cx
545 646 864 739 contemplatione
889 642 1005 717 uestri
1030 646 1173 817 osricus,
1201 648 1294 719 Phi-

192 742 277 847 [139]
311 698 428 826 simia
458 745 522 815 vel
549 746 869 862 acquiescentia
858 772 900 817 ιιι
939 746 1017 817 sc
1005 748 1086 845 apso
1117 764 1292 829 vocatur.

192 855 244 921 Et
261 848 439 942 quoniam
456 847 544 917 haec
559 849 671 917 toties
695 848 884 942 repetitur,
907 849 1057 943 quotics
1070 850 1186 938 borno
1203 848 1293 923 suaa

158 1023 161 1030 ,
193 952 372 1045 virtutes,
399 944 472 1044 sive
489 948 592 1020 suam
609 950 746 1045 agendi
768 949 978 1055 potentiam
993 920 1293 1043 contemplatur,

192 1033 284 1124 hinc
300 1074 388 1145 ergo
405 1050 519 1121 etiam
536 1049 599 1137 fir,
624 1067 666 1119 ut
671 1042 954 1168 unusquisque
957 1049 1052 1123 sacta
1075 1050 1138 1121 sua
1157 1076 1295 1123 narra-

85 1145 88 1151 ’
113 1160 135 1187 ’·’“
180 1167 255 1239 re,
280 1151 409 1245 suique
434 1169 511 1251 tam
534 1151 736 1244 corporis,
756 1177 870 1245 quam
894 1153 1011 1223 animi
1042 1153 1141 1225 vires
1166 1150 1293 1246 οΓιιιι-

180 1247 272 1325 ¹tare
286 1250 416 1349 gestiat
433 1271 472 1326 et
487 1270 531 1325 ut
544 1253 719 1325 homiues
743 1254 812 1325 hac
837 1252 882 1325 de
906 1254 1011 1336 causa
978 1251 1129 1325 ssrbi'
1118 1254 1292 1327 invicem
1340 1326 1344 1333 ,

190 1352 340 1443 molesti
356 1349 439 1427 fiat.
491 1358 550 1427 Ex
567 1346 739 1448 quibus
727 1371 865 1425 lterum
892 1354 1082 1450 sequitur,
1108 1356 1287 1427 homines

191 1476 327 1531 natura
345 1453 413 1527 esl'e
436 1457 608 1541 invidos,
636 1457 730 1547 (vid.
757 1454 876 1533 Schol
894 1458 1006 1549 Prop
1026 1470 1085 1557 24.
1109 1472 1156 1540 et
1164 1455 1286 1539 Sobel

190 1558 303 1655 Prop.
316 1578 377 1645 59.
386 1556 511 1651 hujus)
520 1554 592 1627 five
606 1558 655 1628 ob
667 1557 819 1632 suorum
828 1560 1037 1653 aequalium
1050 1557 1290 1631 imbecillita-

191 1679 269 1733 tem
295 1658 454 1755 gaudere
476 1674 514 1729 et
536 1676 667 1731 contra
690 1680 845 1753 propter
875 1660 1080 1731 eorundem
1107 1662 1291 1736 virtutem

185 1758 410 1861 contristari.
462 1766 562 1831 Nam
576 1762 723 1854 quoties
748 1760 998 1857 unusquisque
1016 1764 1098 1834 suaa
1120 1764 1291 1836 actiones

181 1854 445 1959 imaginatur,
477 1862 588 1935 toties
605 1857 764 1934 Laetitia
784 1873 864 1957 (per
886 1870 997 1957 Prop.
1016 1883 1071 1952 55.
1092 1862 1214 1954 liujus)
1229 1862 1289 1938 as-

184 1967 610 2053 sicitureteomaio're,
636 1988 747 2057 quo
737 1967 901 2037 actiones
927 1969 1013 2061 psus
1040 1958 1288 2061 perfectionis
1339 1982 1344 1988 ’

186 2067 398 2161 exprimere
415 2083 453 2150 et
468 2062 608 2136 easdem
625 2046 867 2135 distinctius
853 2068 1105 2164 imaginatur,
1136 2068 1206 2135 boo
1222 2062 1290 2157 est,

191 2176 279 2259 (per
294 2169 371 2253 ιΓΓιι
398 2192 493 2262 quae
510 2194 547 2236 ιιι
548 2165 685 2237 Qscaot
709 2192 739 2238 1.
759 2174 872 2259 Prop.
887 2180 947 2267 40.
964 2194 1000 2260 p.
1020 2192 1055 2243 9.
1072 2163 1289 2266 dictasunt)

191 2295 270 2365 quo
288 2270 408 2366 magis
433 2268 574 2340 easdem
600 2269 646 2339 ab
670 2268 754 2339 aliis
775 2266 999 2367 distinguere
1020 2288 1055 2340 et
1070 2288 1114 2341 ut
1138 2294 1192 2341 res
1214 2268 1290 2342 sin·

108 2365 111 2373 ’
192 2375 337 2470 gulares
362 2371 609 2467 contemplari
636 2364 764 2465 potest.
814 2378 934 2468 Quare
962 2370 1212 2468 unusquisque
1237 2399 1290 2446 ex

193 2474 510 2591 contemplatione
533 2471 588 2542 sui
603 2490 695 2543 tnnc
716 2472 879 2543 maxime
905 2474 1096 2569 gaudebit,
1131 2474 1289 2569 quando

192 2575 359 2671 aliquid
348 2598 390 2646 ιιι
406 2574 441 2645 se
459 2560 756 2667 contemplatur,
785 2573 887 2671 quod
912 2574 957 2645 de
983 2572 1135 2668 reliquis
1161 2594 1286 2673 negat.

190 2679 262 2749 Sed
278 2673 306 2747 ΓΓ
320 2676 371 2763 id,
396 2676 498 2770 quod
515 2675 560 2745 de
577 2676 611 2745 se
626 2673 811 2765 affirmat,
836 2676 883 2745 ad
902 2674 1147 2747 universalem
1166 2678 1290 2749 bonai·

187 2777 251 2849 nis
276 2780 339 2869 vel
362 2777 535 2848 animalis
557 2776 678 2848 ideam
705 2772 836 2863 refert,
871 2802 951 2848 non
978 2796 1168 2873 tantopere
1195 2804 1289 2875 gau·

190 2878 319 2962 debiti
345 2896 382 2948 et
397 2895 527 2948 contra
551 2874 846 2964 contristabitur,
879 2874 1028 2967 stsuas,
1053 2880 1098 2947 ad
1122 2880 1289 2958 aliorum

186 2982 356 3051 actiones
381 2998 631 3073 comparatas,
662 2978 928 3051 imbecilliores
953 2978 1055 3051 esse
1045 2983 1287 3077 uuaginetur‚

186 3105 302 3176 quam
326 3082 478 3176 quidem
497 3076 737 3161 Tristitiam(
721 3092 802 3173 per
818 3084 931 3176 Prop
948 3102 1006 3168 98.
1033 3080 1157 3177 liujus)
1181 3106 1287 3157 amo·

185 3206 273 3255 vere
299 3181 516 3268 conabitur,
558 3184 673 3275 idque
704 3180 857 3253 suorum
881 3184 1092 3279 aequalium
1116 3186 1284 3263 actiones

185 3305 380 3380 perperam
399 3283 698 3376 interpretando,
727 3284 787 3356 vel
812 3284 914 3367 suas,
939 3304 1124 3377 quantum
1148 3278 1282 3379 potest,

90 3418 92 3423 ¹
136 3437 141 3448 .
185 3386 420 3455 edomando.
473 3384 669 3478 Apparet
658 3402 774 3481 igitur
798 3385 971 3455 homines
995 3404 1125 3456 nature
1143 3394 1285 3481 procla

183 3508 249 3575 ¹ves
266 3484 334 3556 esse
350 3485 396 3557 ad
414 3484 551 3558 Odium
570 3504 606 3554 et
624 3486 824 3573 Invidiam,
852 3486 898 3555 ad
918 3511 1031 3579 quam
1048 3492 1187 3563 acce'drt
1204 3494 1284 3587 ipsa

182 3587 369 3659 educatio.
421 3592 520 3657 Nam
549 3604 721 3681 parentes
751 3580 831 3657 solo
856 3590 1024 3660 Honoris
1051 3608 1087 3659 et
1108 3596 1283 3667 Invidiae

101 3752 109 3762 ,
182 3686 337 3761 stimulo
364 3688 505 3760 liberos
535 3686 582 3757 ad
603 3690 782 3757 virtutem
814 3691 1000 3760 concitare
1025 3690 1154 3765 solut.
1207 3696 1288 3769 Sed·

181 3789 380 3883 scrupulus
402 3786 481 3859 fors
466 3791 527 3858 san
546 3808 733 3872 remanet,
754 3791 854 3887 quod
876 3814 952 3858 non
978 3794 1343 3869 ructuantium*

160 3959 166 3980 ,
181 3909 342 3964 virtutes
359 3892 499 3961 admit(
492 3914 599 3974 mur,
623 3891 757 3982 eosque
775 3916 1007 3963 veneremur.
1059 3898 1173 3968 Hunc
1188 3923 1281 3998 ergo

118 3995 122 4020 ¹
165 4010 227 4062 ἰιι
242 4016 459 4079 auroveam,
467 3994 634 4084 sequens
652 3992 786 4063 addam
803 3994 1068 4067 Corollarium.

230 4097 456 4165 Cononn.
506 4098 629 4166 Nemo
654 4094 833 4173 virtutem
855 4096 993 4185 alictii,
1025 4092 1093 4169 uili
1120 4101 1283 4196 aequali,

173 4192 341 4273 invidet,

1193 4302 1284 4429 u.
