2742 4684
218 266 291 352 333
455 247 656 317 Tnaocar.
673 241 814 385 l’orrr.
861 242 951 317 Gir
975 240 1075 317 VIII.

222 457 434 537 servetur,‘
434 472 486 521 ne
510 446 647 518 scilicet
661 443 858 539 pauciores
874 396 964 536 lint,
997 466 1113 545 quam
1135 461 1181 523 tat
1203 448 1327 529 mul-‚2

124 583 129 592 “
220 558 423 631 titudinem
439 544 573 646 poffiut
586 571 725 645 rogero.

324 766 358 851 ς.
384 699 463 831 XL.
516 760 706 825 Caeterum
725 752 875 833 Judicea
898 776 917 827 c
938 752 1110 849 supremo
1127 757 1309 832 Concilio

224 862 328 958 exip
332 859 376 936 stc
393 858 578 943 Patriciia,
588 858 677 930 boc
694 852 762 943 cst,
788 862 865 955 (uer
883 864 967 935 Art
991 878 1044 953 17
1062 856 1170 957 hujus
1193 864 1312 957 cap)

192 1033 200 1049 .,
224 992 273 1041 cx
288 961 375 1059 ipsae
389 964 523 1059 legum
545 959 806 1034 conditoribus
829 958 995 1055 eligendi
1021 960 1126 1049 sunt,
1166 978 1205 1034 ct
1225 962 1310 1035 len·

224 1072 374 1152 tentiae,
400 1088 493 1161 quas
510 1064 677 1134 tulerunt
690 1079 766 1133 tam
785 1062 957 1134 derebus
973 1063 1163 1153 civilibuc‚
1188 1090 1310 1161 quam

160 1224 165 1231 -
225 1168 505 1253 criminalibus,
546 1182 654 1249 ratae
669 1182 798 1252 erunt,
838 1161 1029 1237 filcrvato
1056 1166 1210 1257 ordine,
1267 1184 1311 1241 et

158 1270 161 1280 '
225 1274 364 1368 abique
385 1269 546 1365 partium
577 1263 698 1339 studio
720 1268 885 1362 prolatae
907 1264 1070 1356 fuerint,
1103 1266 1150 1342 de
1174 1293 1312 1365 quaro

114 1377 123 1394 '
226 1374 399 1467 syndieia
416 1373 498 1470 lega
505 1366 720 1467 permillum
736 1370 806 1444 erit
823 1368 1063 1468 cognoscere,
1089 1366 1272 1476 judicare
1271 1389 1310 1445 et

223 1474 394 1552 uetuere.

191 1734 195 1741 ·
329 1688 364 1772 5.
400 1682 500 1757 xm.
550 1656 728 1759 judicum
776 1680 1030 1753 emolumenta
1071 1680 1200 1755 eadem
1239 1676 1318 1755 elle·

228 1785 387 1871 debent,
420 1806 514 1878 quoe
529 1788 606 1855 Arc
626 1804 685 1875 29.
705 1788 792 1877 Cep.
818 1787 851 1853 6.
876 1784 1062 1868 diximum
1101 1806 1241 1879 nempe
1265 1800 1312 1856 ut

19 1956 23 1965 .
101 1956 104 1961 .
229 1912 277 1982 px
301 1910 524 1982 unaquaque
549 1884 749 1972 sententio,
784 1898 896 1981 quam
920 1886 967 1958 de
992 1885 1105 1959 rebus
1128 1888 1312 1959 civilibug

43 1990 63 2005 ”
192 2064 200 2094 Ι,
221 1991 405 2075 tulerint,
429 1990 474 2059 ab
491 2012 562 2074 eo,
596 1984 781 2081 quicaula
806 1988 957 2076 cecidit,
992 2006 1060 2083 pro
1083 1988 1229 2063 ratione
1256 2006 1314 2061 ω.

228 2094 305 2163 tiua
323 2090 487 2186 summae
502 2108 643 2186 partem
666 2091 871 2184 aliquotam
889 2092 1082 2185 accipiant.
1122 2096 1124 2103 ’
1142 2091 1313 2167 arciaca

228 2196 429 2269 sententias
446 2194 492 2264 de
507 2192 619 2267 rebus
633 2192 890 2265 criminalibus
908 2194 999 2265 haee
1018 2190 1095 2266 iola
1119 2194 1182 2267 bic
1201 2191 1315 2268 'diffc-

228 2300 348 2371 rentia
366 2295 427 2385 fic,
461 2313 503 2367 ut
525 2296 624 2367 bona
640 2297 685 2366 ab
703 2291 789 2390 ipfia
811 2294 1032 2389 proscripta,
1065 2312 1100 2367 et
1124 2308 1314 2392 quaecun-

229 2426 305 2497 que
347 2401 519 2487 summa,
568 2424 640 2493 qua
672 2401 817 2469 minora
842 2399 1013 2470 'crimina
1060 2402 1314 2490 mulctantur,

151 2529 154 2536 ’
230 2502 319 2599 iplia
341 2503 429 2575 solis
447 2499 673 2598 designetur
701 2526 740 2573 ea
760 2517 886 2573 tamen
902 2501 1130 2589 condrrrone
1156 2519 1199 2573 ut
1214 2526 1317 2574 nun

232 2631 397 2725 quem
367 2607 422 2678 iis
439 2604 551 2677 liceat
579 2628 793 2699 quenquam
822 2606 1021 2675 tormentit
1045 2610 1178 2702 cogere
1205 2604 1315 2703 quid·

159 2762 199 2792 r„
230 2712 334 2803 piam
352 2687 541 2792 confiteri,
574 2708 699 2778 ethoc
720 2704 937 2778 modulatis
961 2724 1111 2785 cautum
1141 2708 1229 2796 erit,
1263 2732 1314 2786 nc

231 2812 355 2904 iniqui
374 2811 412 2879 in
431 2809 599 2903 plebeios
615 2806 704 2895 lint,
738 2826 777 2880 at
799 2832 849 2879 ne
872 2825 992 2880 metue
1017 2808 1123 2883 causa
1145 2811 1316 2884 nimium

231 2913 402 2988 Batrioiie
426 2908 596 2983 faveant.
663 2916 781 2999 Nam,
824 2927 1077 3007 praeterquam
1109 2912 1212 3009 quod
1248 2912 1318 2985 hic

107 3035 112 3043 “
231 3012 448 3089 marnarolo
466 3013 633 3099 auaritia,
660 3038 776 3107 eaque
800 3012 963 3107 specioso
978 3010 1137 3103 justitiae
1152 3017 1315 3088 nomine

232 3116 469 3203 adumbrata,
496 3131 741 3207 temperetur,
775 3116 939 3202 accedit,
974 3118 1075 3213 quod
1091 3119 1222 3219 plures
1239 3116 1317 3190 lint

126 3303 130 3312 ,
231 3243 419 3305 numero,
444 3236 481 3290 ct
496 3219 599 3313 quod
616 3213 784 3315 suflragra
800 3242 878 3288 non
902 3218 1046 3315 palame
1081 3220 1142 3293 led
1158 3222 1315 3295 calculis

231 3319 422 3408 ferantur,
453 3322 503 3391 ito
529 3338 569 3391 nt
586 3319 611 3390 fi
628 3322 712 3415 quis
730 3322 782 3391 ob
804 3320 1017 3393 damnatam
1040 3321 1143 3395 suam
1167 3325 1318 3397 causam

231 3419 500 3510 stomachetur,
525 3422 931 3510 nihil-tamenhabeet,
972 3426 1074 3519 quod
1097 3424 1165 3497 uni
1188 3426 1315 3521 impu·

170 3582 192 3595 -
230 3543 311 3599 tare
325 3523 442 3621 poliat.
475 3532 610 3598 ιΡοηο
627 3550 676 3599 ne
695 3526 875 3620 iniquam,
902 3542 966 3625 aut
982 3528 1108 3599 saltem
1124 3552 1174 3600 nc
1192 3528 1316 3613 obsum

231 3628 319 3706 dam
337 3631 500 3725 aliquam
519 3630 737 3701 sententiam
755 3630 1026 3721 pronuncient,
1061 3648 1098 3701 et
1114 3654 1164 3701 ne
1180 3654 1318 3703 corum

259 3734 414 3826 uispiam
431 3732 523 3803 dolo
544 3733 745 3826 quicquam
769 3726 899 3817 faciat,
933 3729 1186 3823 Syndicorum
1208 3756 1315 3806 reve·

70 3839 76 3852 “
177 3912 182 3922 p
222 3758 328 3936 ᾗ]
352 3835 469 3907 tentia
495 3834 729 3928 prohibebit,
770 3827 1027 3928 pradterquam
1052 3835 1154 3932 quod
1178 3837 1217 3905 in
1236 3853 1315 3907 taut

228 3941 369 4055 migne
392 3938 571 4016 ludicram
601 3956 761 4007 numero
800 3936 916 4006 unua
941 3934 1082 4034 semper
1122 3956 1187 4009 aut
1207 3938 1316 4011 'alter

227 4040 451 4134 reparietur,
484 4053 607 4135 quern
624 4038 749 4135 iniqui
779 4034 1001 4116 formident.
1061 4040 1119 4112 Ad
1144 4040 1315 4137 plebeios

227 4138 389 4235 demque
406 4144 508 4236 quod
525 4142 677 4229 attinet,
717 4140 858 4213 sotis''
831 4167 879 4213 tta
905 4142 1018 4215 etiam
1041 4142 1252 4224 cavebitur,
1286 4137 1317 4217 fi

224 4242 272 4315 ad
297 4244 483 4421 ⁸syndicus
508 4244 648 4319 iisdem
679 4245 865 4357 appellare
888 4244 1017 4337 liceat,
1061 4246 1221 4345 quibua,
1256 4246 1314 4317 uti

1217 4348 1309 4437 dixi,
