<?xml version="1.0" encoding="UTF-8"?>
<!DOCTYPE html PUBLIC "-//W3C//DTD XHTML 1.0 Transitional//EN"
    "http://www.w3.org/TR/xhtml1/DTD/xhtml1-transitional.dtd">
<html xmlns="http://www.w3.org/1999/xhtml" xml:lang="en" lang="en">
 <head>
  <title>
</title>
<meta http-equiv="Content-Type" content="text/html;charset=utf-8" />
  <meta name='ocr-system' content='tesseract 3.04.00' />
  <meta name='ocr-capabilities' content='ocr_page ocr_carea ocr_par ocr_line ocrx_word'/>
</head>
<body>
  <div class='ocr_page' id='page_1' title='image "benedictidespin00paulgoog_0475.png"; bbox 0 0 2742 4684; ppageno 0'>
   <div class='ocr_carea' id='block_1_1' title="bbox 144 279 900 421">
    <p class='ocr_par' dir='ltr' id='par_1_1' title="bbox 144 279 900 421">
     <span class='ocr_line' id='line_1_1' title="bbox 144 279 900 421; baseline -0.005 -22"><span class='ocrx_word' id='word_1_1' title='bbox 144 315 151 325; x_wconf 74' lang='grc'><em>’</em></span> <span class='ocrx_word' id='word_1_2' title='bbox 190 324 265 421; x_wconf 66' lang='grc'><strong>133</strong></span> <span class='ocrx_word' id='word_1_3' title='bbox 310 322 327 382; x_wconf 76' lang='lat'><strong>&#39;·</strong></span> <span class='ocrx_word' id='word_1_4' title='bbox 522 332 602 400; x_wconf 73' lang='lat' dir='ltr'><strong>Da</strong></span> <span class='ocrx_word' id='word_1_5' title='bbox 625 279 900 409; x_wconf 54' lang='lat' dir='ltr'><strong>mactemus</strong></span> 
     </span>
    </p>
   </div>
   <div class='ocr_carea' id='block_1_2' title="bbox 140 480 1296 2169">
    <p class='ocr_par' dir='ltr' id='par_1_2' title="bbox 140 480 1296 2169">
     <span class='ocr_line' id='line_1_2' title="bbox 199 480 1296 627; baseline 0.001 -23"><span class='ocrx_word' id='word_1_6' title='bbox 199 519 296 626; x_wconf 76' lang='lat' dir='ltr'><strong>clare</strong></span> <span class='ocrx_word' id='word_1_7' title='bbox 321 512 551 625; x_wconf 75' lang='lat' dir='ltr'><strong>concipittir,</strong></span> <span class='ocrx_word' id='word_1_8' title='bbox 591 530 780 617; x_wconf 82' lang='lat' dir='ltr'><strong>vidimus,</strong></span> <span class='ocrx_word' id='word_1_9' title='bbox 814 480 916 627; x_wconf 74' lang='lat' dir='ltr'><strong>qnod</strong></span> <span class='ocrx_word' id='word_1_10' title='bbox 948 526 979 598; x_wconf 82' lang='lat' dir='ltr'><strong>st</strong></span> <span class='ocrx_word' id='word_1_11' title='bbox 1010 552 1051 599; x_wconf 88' lang='lat' dir='ltr'><strong>ea</strong></span> <span class='ocrx_word' id='word_1_12' title='bbox 1074 550 1153 615; x_wconf 84' lang='lat' dir='ltr'><strong>res,</strong></span> <span class='ocrx_word' id='word_1_13' title='bbox 1188 546 1296 626; x_wconf 75' lang='lat' dir='ltr'><strong>quae</strong></span> 
     </span>
     <span class='ocr_line' id='line_1_3' title="bbox 198 615 1296 745; baseline -0.007 -37"><span class='ocrx_word' id='word_1_14' title='bbox 198 615 295 745; x_wconf 70' lang='lat' dir='ltr'><strong>piare</strong></span> <span class='ocrx_word' id='word_1_15' title='bbox 312 634 543 728; x_wconf 83' lang='lat' dir='ltr'><strong>concipitur,</strong></span> <span class='ocrx_word' id='word_1_16' title='bbox 577 651 615 705; x_wconf 88' lang='lat' dir='ltr'><strong>et</strong></span> <span class='ocrx_word' id='word_1_17' title='bbox 629 636 744 705; x_wconf 82' lang='lat' dir='ltr'><strong>etiem</strong></span> <span class='ocrx_word' id='word_1_18' title='bbox 760 631 872 728; x_wconf 77' lang='lat' dir='ltr'><strong>ipfius</strong></span> <span class='ocrx_word' id='word_1_19' title='bbox 891 626 1082 717; x_wconf 68' lang='lat' dir='ltr'><strong>existentia</strong></span> <span class='ocrx_word' id='word_1_20' title='bbox 1104 629 1149 706; x_wconf 87' lang='lat' dir='ltr'><strong>fit</strong></span> <span class='ocrx_word' id='word_1_21' title='bbox 1146 652 1235 725; x_wconf 84' lang='lat' dir='ltr'><strong>per</strong></span> <span class='ocrx_word' id='word_1_22' title='bbox 1253 634 1296 707; x_wconf 77' lang='lat' dir='ltr'><strong>se</strong></span> 
     </span>
     <span class='ocr_line' id='line_1_4' title="bbox 195 736 1291 828; baseline -0.003 -16"><span class='ocrx_word' id='word_1_23' title='bbox 195 756 344 816; x_wconf 79' lang='lat' dir='ltr'><strong>aeterna</strong></span> <span class='ocrx_word' id='word_1_24' title='bbox 376 737 531 823; x_wconf 74' lang='lat' dir='ltr'><strong>veritas,</strong></span> <span class='ocrx_word' id='word_1_25' title='bbox 571 736 688 807; x_wconf 89' lang='lat' dir='ltr'><strong>nihil</strong></span> <span class='ocrx_word' id='word_1_26' title='bbox 703 742 812 809; x_wconf 84' lang='lat' dir='ltr'><strong>circe</strong></span> <span class='ocrx_word' id='word_1_27' title='bbox 828 736 943 819; x_wconf 68' lang='lat' dir='ltr'><strong>telem</strong></span> <span class='ocrx_word' id='word_1_28' title='bbox 964 758 1045 812; x_wconf 72' lang='lat' dir='ltr'><strong>tem</strong></span> <span class='ocrx_word' id='word_1_29' title='bbox 1068 736 1291 828; x_wconf 70' lang='lat' dir='ltr'>poterimus</span> 
     </span>
     <span class='ocr_line' id='line_1_5' title="bbox 195 834 1293 947; baseline -0.009 -30"><span class='ocrx_word' id='word_1_30' title='bbox 195 840 357 940; x_wconf 80' lang='lat' dir='ltr'><strong>fingere</strong></span> <span class='ocrx_word' id='word_1_31' title='bbox 347 891 359 927; x_wconf 92' lang='lat'>‚</span> <span class='ocrx_word' id='word_1_32' title='bbox 385 838 446 909; x_wconf 87' lang='lat' dir='ltr'><strong>sed</strong></span> <span class='ocrx_word' id='word_1_33' title='bbox 461 836 488 909; x_wconf 83' lang='lat' dir='ltr'><strong>fi</strong></span> <span class='ocrx_word' id='word_1_34' title='bbox 504 836 702 921; x_wconf 74' lang='lat' dir='ltr'><strong>existentia</strong></span> <span class='ocrx_word' id='word_1_35' title='bbox 713 838 769 910; x_wconf 85' lang='lat' dir='ltr'><strong>rei</strong></span> <span class='ocrx_word' id='word_1_36' title='bbox 785 853 987 947; x_wconf 75' lang='lat' dir='ltr'><strong>conceptae</strong></span> <span class='ocrx_word' id='word_1_37' title='bbox 1003 860 1084 909; x_wconf 89' lang='lat' dir='ltr'><strong>non</strong></span> <span class='ocrx_word' id='word_1_38' title='bbox 1106 834 1152 909; x_wconf 81' lang='lat' dir='ltr'><strong>dt</strong></span> <span class='ocrx_word' id='word_1_39' title='bbox 1167 854 1293 909; x_wconf 83' lang='lat' dir='ltr'><strong>aeter·</strong></span> 
     </span>
     <span class='ocr_line' id='line_1_6' title="bbox 156 932 1294 1029; baseline -0.005 -10"><span class='ocrx_word' id='word_1_40' title='bbox 156 1016 159 1022; x_wconf 90' lang='grc'><strong>,</strong></span> <span class='ocrx_word' id='word_1_41' title='bbox 196 968 247 1019; x_wconf 78' lang='lat' dir='ltr'><strong>ns</strong></span> <span class='ocrx_word' id='word_1_42' title='bbox 262 944 419 1029; x_wconf 83' lang='lat' dir='ltr'><strong>veritas,</strong></span> <span class='ocrx_word' id='word_1_43' title='bbox 444 958 593 1013; x_wconf 86' lang='lat' dir='ltr'><strong>tantum</strong></span> <span class='ocrx_word' id='word_1_44' title='bbox 604 932 900 1025; x_wconf 71' lang='grc' dir='ltr'><strong>θιὶοιιιιιιιιιιιιι,</strong></span> <span class='ocrx_word' id='word_1_45' title='bbox 941 956 984 1008; x_wconf 86' lang='lat' dir='ltr'><strong>ut</strong></span> <span class='ocrx_word' id='word_1_46' title='bbox 1007 935 1201 1016; x_wconf 73' lang='lat' dir='ltr'><strong>existentia</strong></span> <span class='ocrx_word' id='word_1_47' title='bbox 1226 940 1294 1013; x_wconf 84' lang='lat' dir='ltr'><strong>rei</strong></span> 
     </span>
     <span class='ocr_line' id='line_1_7' title="bbox 198 1038 1291 1135; baseline -0.005 -16"><span class='ocrx_word' id='word_1_48' title='bbox 198 1071 286 1119; x_wconf 88' lang='lat' dir='ltr'><strong>cum</strong></span> <span class='ocrx_word' id='word_1_49' title='bbox 289 1044 392 1135; x_wconf 81' lang='lat' dir='ltr'><strong>ejus</strong></span> <span class='ocrx_word' id='word_1_50' title='bbox 400 1042 547 1135; x_wconf 74' lang='lat' dir='ltr'><strong>edentia</strong></span> <span class='ocrx_word' id='word_1_51' title='bbox 565 1041 798 1131; x_wconf 79' lang='lat' dir='ltr'><strong>conferatur,</strong></span> <span class='ocrx_word' id='word_1_52' title='bbox 841 1061 880 1115; x_wconf 88' lang='lat' dir='ltr'><strong>et</strong></span> <span class='ocrx_word' id='word_1_53' title='bbox 904 1038 1013 1117; x_wconf 68' lang='lat' dir='ltr'>simul</span> <span class='ocrx_word' id='word_1_54' title='bbox 1036 1042 1083 1115; x_wconf 85' lang='lat' dir='ltr'><strong>ed</strong></span> <span class='ocrx_word' id='word_1_55' title='bbox 1107 1044 1291 1127; x_wconf 86' lang='lat' dir='ltr'><strong>ordinem</strong></span> 
     </span>
     <span class='ocr_line' id='line_1_8' title="bbox 196 1128 1289 1243; baseline -0.004 -22"><span class='ocrx_word' id='word_1_56' title='bbox 196 1165 352 1221; x_wconf 80' lang='lat' dir='ltr'><strong>naturae</strong></span> <span class='ocrx_word' id='word_1_57' title='bbox 391 1128 614 1219; x_wconf 80' lang='lat' dir='ltr'><strong>attendatur.</strong></span> <span class='ocrx_word' id='word_1_58' title='bbox 686 1144 815 1243; x_wconf 81' lang='lat' dir='ltr'><strong>Quoad</strong></span> <span class='ocrx_word' id='word_1_59' title='bbox 850 1144 1050 1219; x_wconf 85' lang='lat' dir='ltr'><strong>secundam</strong></span> <span class='ocrx_word' id='word_1_60' title='bbox 1075 1142 1289 1236; x_wconf 85' lang='lat' dir='ltr'><strong>fictionem,</strong></span> 
     </span>
     <span class='ocr_line' id='line_1_9' title="bbox 197 1244 1290 1348; baseline 0 -27"><span class='ocrx_word' id='word_1_61' title='bbox 197 1276 311 1348; x_wconf 81' lang='lat' dir='ltr'><strong>quam</strong></span> <span class='ocrx_word' id='word_1_62' title='bbox 330 1250 497 1322; x_wconf 75' lang='lat' dir='ltr'><strong>diximus</strong></span> <span class='ocrx_word' id='word_1_63' title='bbox 513 1246 581 1319; x_wconf 83' lang='lat' dir='ltr'><strong>effe</strong></span> <span class='ocrx_word' id='word_1_64' title='bbox 597 1246 708 1320; x_wconf 73' lang='lat' dir='ltr'><strong>fimo]</strong></span> <span class='ocrx_word' id='word_1_65' title='bbox 726 1248 973 1329; x_wconf 75' lang='lat' dir='ltr'><strong>attentionem</strong></span> <span class='ocrx_word' id='word_1_66' title='bbox 988 1246 1063 1319; x_wconf 81' lang='lat' dir='ltr'><strong>fine</strong></span> <span class='ocrx_word' id='word_1_67' title='bbox 1079 1244 1221 1329; x_wconf 82' lang='lat' dir='ltr'><strong>offensu</strong></span> <span class='ocrx_word' id='word_1_68' title='bbox 1239 1250 1290 1321; x_wconf 81' lang='lat' dir='ltr'><strong>ed</strong></span> 
     </span>
     <span class='ocr_line' id='line_1_10' title="bbox 196 1350 1288 1472; baseline -0.004 -47"><span class='ocrx_word' id='word_1_69' title='bbox 196 1354 362 1455; x_wconf 80' lang='lat' dir='ltr'><strong>diversas</strong></span> <span class='ocrx_word' id='word_1_70' title='bbox 377 1354 480 1425; x_wconf 86' lang='lat' dir='ltr'><strong>ideas</strong></span> <span class='ocrx_word' id='word_1_71' title='bbox 497 1351 681 1472; x_wconf 79' lang='lat' dir='ltr'><strong>confpsas,</strong></span> <span class='ocrx_word' id='word_1_72' title='bbox 708 1351 895 1448; x_wconf 83' lang='lat' dir='ltr'><strong>quaesunt</strong></span> <span class='ocrx_word' id='word_1_73' title='bbox 910 1350 1138 1423; x_wconf 82' lang='lat' dir='ltr'><strong>diversarum</strong></span> <span class='ocrx_word' id='word_1_74' title='bbox 1154 1374 1288 1422; x_wconf 81' lang='lat' dir='ltr'><strong>retum</strong></span> 
     </span>
     <span class='ocr_line' id='line_1_11' title="bbox 140 1449 1289 1552; baseline 0 -24"><span class='ocrx_word' id='word_1_75' title='bbox 140 1453 143 1460; x_wconf 79' lang='grc'><strong>’</strong></span> <span class='ocrx_word' id='word_1_76' title='bbox 198 1473 311 1552; x_wconf 79' lang='lat' dir='ltr'><strong>atquo</strong></span> <span class='ocrx_word' id='word_1_77' title='bbox 334 1456 544 1544; x_wconf 81' lang='lat' dir='ltr'><strong>actionum,</strong></span> <span class='ocrx_word' id='word_1_78' title='bbox 584 1457 627 1525; x_wconf 88' lang='lat' dir='ltr'><strong>in</strong></span> <span class='ocrx_word' id='word_1_79' title='bbox 648 1473 780 1527; x_wconf 88' lang='lat' dir='ltr'><strong>natura</strong></span> <span class='ocrx_word' id='word_1_80' title='bbox 804 1449 1062 1535; x_wconf 67' lang='lat' dir='ltr'><strong>existentium</strong></span> <span class='ocrx_word' id='word_1_81' title='bbox 1114 1452 1289 1528; x_wconf 81' lang='lat' dir='ltr'><strong>vidimus</strong></span> 
     </span>
     <span class='ocr_line' id='line_1_12' title="bbox 198 1554 1289 1655; baseline -0.002 -24"><span class='ocrx_word' id='word_1_82' title='bbox 198 1562 313 1633; x_wconf 85' lang='lat' dir='ltr'><strong>etiam</strong></span> <span class='ocrx_word' id='word_1_83' title='bbox 328 1581 407 1629; x_wconf 87' lang='lat' dir='ltr'><strong>rem</strong></span> <span class='ocrx_word' id='word_1_84' title='bbox 424 1554 722 1653; x_wconf 73' lang='lat' dir='ltr'><strong>simplicissimem</strong></span> <span class='ocrx_word' id='word_1_85' title='bbox 736 1580 815 1641; x_wconf 82' lang='lat' dir='ltr'><strong>pon</strong></span> <span class='ocrx_word' id='word_1_86' title='bbox 833 1554 932 1652; x_wconf 75' lang='lat' dir='ltr'><strong>potis</strong></span> <span class='ocrx_word' id='word_1_87' title='bbox 954 1554 1067 1655; x_wconf 78' lang='lat' dir='ltr'><strong>fingi,</strong></span> <span class='ocrx_word' id='word_1_88' title='bbox 1088 1556 1157 1641; x_wconf 74' lang='lat' dir='ltr'><strong>sed</strong></span> <span class='ocrx_word' id='word_1_89' title='bbox 1172 1556 1289 1629; x_wconf 89' lang='lat' dir='ltr'><strong>intel·</strong></span> 
     </span>
     <span class='ocr_line' id='line_1_13' title="bbox 197 1655 1287 1759; baseline -0.002 -26"><span class='ocrx_word' id='word_1_90' title='bbox 197 1660 290 1759; x_wconf 84' lang='lat' dir='ltr'><strong>ligi,</strong></span> <span class='ocrx_word' id='word_1_91' title='bbox 316 1680 353 1733; x_wconf 90' lang='lat' dir='ltr'><strong>et</strong></span> <span class='ocrx_word' id='word_1_92' title='bbox 370 1660 417 1730; x_wconf 80' lang='lat' dir='ltr'><strong>fic</strong></span> <span class='ocrx_word' id='word_1_93' title='bbox 437 1663 549 1731; x_wconf 80' lang='lat' dir='ltr'><strong>etiam</strong></span> <span class='ocrx_word' id='word_1_94' title='bbox 565 1686 644 1731; x_wconf 86' lang='lat' dir='ltr'><strong>rem</strong></span> <span class='ocrx_word' id='word_1_95' title='bbox 669 1657 925 1757; x_wconf 67' lang='lat' dir='ltr'><strong>compeditem,</strong></span> <span class='ocrx_word' id='word_1_96' title='bbox 951 1655 1137 1731; x_wconf 84' lang='lat' dir='ltr'><strong>modoad</strong></span> <span class='ocrx_word' id='word_1_97' title='bbox 1160 1678 1287 1755; x_wconf 78' lang='lat' dir='ltr'><strong>partes</strong></span> 
     </span>
     <span class='ocr_line' id='line_1_14' title="bbox 158 1758 1287 1885; baseline -0.003 -49"><span class='ocrx_word' id='word_1_98' title='bbox 158 1772 161 1782; x_wconf 83' lang='lat'><em>&#39;</em></span> <span class='ocrx_word' id='word_1_99' title='bbox 197 1758 497 1857; x_wconf 82' lang='lat' dir='ltr'><strong>fimpliciffimas,</strong></span> <span class='ocrx_word' id='word_1_100' title='bbox 525 1787 571 1834; x_wconf 83' lang='lat' dir='ltr'><strong>ex</strong></span> <span class='ocrx_word' id='word_1_101' title='bbox 593 1765 731 1885; x_wconf 75' lang='lat' dir='ltr'><strong>quibus</strong></span> <span class='ocrx_word' id='word_1_102' title='bbox 747 1764 999 1859; x_wconf 75' lang='lat' dir='ltr'><strong>componitur,</strong></span> <span class='ocrx_word' id='word_1_103' title='bbox 1025 1761 1287 1847; x_wconf 49' lang='lat' dir='ltr'><strong>attendente&amp;</strong></span> 
     </span>
     <span class='ocr_line' id='line_1_15' title="bbox 162 1862 1284 1962; baseline -0.004 -22"><span class='ocrx_word' id='word_1_104' title='bbox 162 1953 165 1962; x_wconf 43' lang='grc'><strong>,</strong></span> <span class='ocrx_word' id='word_1_105' title='bbox 196 1866 280 1940; x_wconf 89' lang='lat' dir='ltr'><strong>imo</strong></span> <span class='ocrx_word' id='word_1_106' title='bbox 301 1892 370 1938; x_wconf 88' lang='lat' dir='ltr'><strong>nec</strong></span> <span class='ocrx_word' id='word_1_107' title='bbox 386 1891 433 1937; x_wconf 88' lang='lat' dir='ltr'><strong>ex</strong></span> <span class='ocrx_word' id='word_1_108' title='bbox 446 1862 535 1962; x_wconf 79' lang='lat' dir='ltr'><strong>ipsis</strong></span> <span class='ocrx_word' id='word_1_109' title='bbox 548 1868 646 1939; x_wconf 84' lang='lat' dir='ltr'><strong>ullas</strong></span> <span class='ocrx_word' id='word_1_110' title='bbox 662 1866 838 1954; x_wconf 80' lang='lat' dir='ltr'><strong>actiones,</strong></span> <span class='ocrx_word' id='word_1_111' title='bbox 864 1888 959 1961; x_wconf 89' lang='lat' dir='ltr'><strong>quae</strong></span> <span class='ocrx_word' id='word_1_112' title='bbox 972 1888 1080 1939; x_wconf 84' lang='lat' dir='ltr'><strong>verae</strong></span> <span class='ocrx_word' id='word_1_113' title='bbox 1094 1864 1284 1954; x_wconf 87' lang='lat' dir='ltr'><strong>nonsunt,</strong></span> 
     </span>
     <span class='ocr_line' id='line_1_16' title="bbox 167 1966 1286 2067; baseline -0.001 -27"><span class='ocrx_word' id='word_1_114' title='bbox 167 1992 270 2062; x_wconf 26' lang='lat' dir='ltr'><strong>&#39;nos</strong></span> <span class='ocrx_word' id='word_1_115' title='bbox 303 1968 401 2062; x_wconf 81' lang='lat' dir='ltr'><strong>posse</strong></span> <span class='ocrx_word' id='word_1_116' title='bbox 429 1969 581 2064; x_wconf 82' lang='lat' dir='ltr'><strong>fingere.</strong></span> <span class='ocrx_word' id='word_1_117' title='bbox 634 1966 872 2057; x_wconf 72' lang='lat' dir='ltr'><strong>Nam-timul</strong></span> <span class='ocrx_word' id='word_1_118' title='bbox 910 1990 1089 2067; x_wconf 74' lang='lat' dir='ltr'><strong>cogemur</strong></span> <span class='ocrx_word' id='word_1_119' title='bbox 1113 1983 1286 2044; x_wconf 86' lang='lat' dir='ltr'><strong>contem·</strong></span> 
     </span>
     <span class='ocr_line' id='line_1_17' title="bbox 169 2070 986 2169; baseline 0.006 -27"><span class='ocrx_word' id='word_1_120' title='bbox 169 2093 180 2109; x_wconf 83' lang='grc'><strong>··</strong></span> <span class='ocrx_word' id='word_1_121' title='bbox 196 2073 313 2167; x_wconf 75' lang='lat' dir='ltr'><strong>plari,</strong></span> <span class='ocrx_word' id='word_1_122' title='bbox 339 2073 551 2169; x_wconf 86' lang='lat' dir='ltr'><strong>quomodo,</strong></span> <span class='ocrx_word' id='word_1_123' title='bbox 580 2089 616 2144; x_wconf 88' lang='lat' dir='ltr'><strong>et</strong></span> <span class='ocrx_word' id='word_1_124' title='bbox 631 2096 697 2147; x_wconf 86' lang='lat' dir='ltr'><strong>cur</strong></span> <span class='ocrx_word' id='word_1_125' title='bbox 712 2074 784 2145; x_wconf 86' lang='lat' dir='ltr'><strong>tale</strong></span> <span class='ocrx_word' id='word_1_126' title='bbox 800 2070 893 2169; x_wconf 84' lang='lat' dir='ltr'><strong>quid</strong></span> <span class='ocrx_word' id='word_1_127' title='bbox 908 2070 986 2147; x_wconf 79' lang='lat' dir='ltr'><strong>fiat.</strong></span> 
     </span>
    </p>
   </div>
   <div class='ocr_carea' id='block_1_3' title="bbox 98 2275 1298 3094">
    <p class='ocr_par' dir='ltr' id='par_1_3' title="bbox 98 2275 1298 3094">
     <span class='ocr_line' id='line_1_18' title="bbox 301 2275 1280 2373; baseline 0.001 -23"><span class='ocrx_word' id='word_1_128' title='bbox 301 2277 372 2350; x_wconf 87' lang='lat' dir='ltr'><strong>His</strong></span> <span class='ocrx_word' id='word_1_129' title='bbox 389 2276 437 2353; x_wconf 85' lang='lat' dir='ltr'><strong>fic</strong></span> <span class='ocrx_word' id='word_1_130' title='bbox 453 2281 666 2360; x_wconf 87' lang='lat' dir='ltr'><strong>intellectis,</strong></span> <span class='ocrx_word' id='word_1_131' title='bbox 693 2278 920 2352; x_wconf 85' lang='lat' dir='ltr'><strong>transeamus</strong></span> <span class='ocrx_word' id='word_1_132' title='bbox 929 2276 1057 2367; x_wconf 75' lang='lat' dir='ltr'><strong>1amed</strong></span> <span class='ocrx_word' id='word_1_133' title='bbox 1073 2275 1280 2373; x_wconf 83' lang='lat' dir='ltr'><strong>inquifitio·</strong></span> 
     </span>
     <span class='ocr_line' id='line_1_19' title="bbox 197 2380 1275 2479; baseline -0.003 -24"><span class='ocrx_word' id='word_1_134' title='bbox 197 2393 288 2479; x_wconf 83' lang='lat' dir='ltr'><strong>nem</strong></span> <span class='ocrx_word' id='word_1_135' title='bbox 305 2384 408 2456; x_wconf 82' lang='lat' dir='ltr'><strong>ideae</strong></span> <span class='ocrx_word' id='word_1_136' title='bbox 423 2382 554 2472; x_wconf 80' lang='lat' dir='ltr'><strong>falsae,</strong></span> <span class='ocrx_word' id='word_1_137' title='bbox 571 2401 622 2455; x_wconf 82' lang='grc' dir='ltr'><strong>,ιιι</strong></span> <span class='ocrx_word' id='word_1_138' title='bbox 638 2386 853 2469; x_wconf 83' lang='lat' dir='ltr'><strong>videamus,</strong></span> <span class='ocrx_word' id='word_1_139' title='bbox 880 2382 973 2453; x_wconf 86' lang='lat' dir='ltr'><strong>circs</strong></span> <span class='ocrx_word' id='word_1_140' title='bbox 991 2404 1085 2477; x_wconf 79' lang='lat' dir='ltr'><strong>quoe</strong></span> <span class='ocrx_word' id='word_1_141' title='bbox 1099 2380 1275 2468; x_wconf 82' lang='lat' dir='ltr'><strong>versetur,</strong></span> 
     </span>
     <span class='ocr_line' id='line_1_20' title="bbox 197 2478 1276 2582; baseline -0.005 -24"><span class='ocrx_word' id='word_1_142' title='bbox 197 2503 239 2559; x_wconf 77' lang='lat' dir='ltr'><strong>et</strong></span> <span class='ocrx_word' id='word_1_143' title='bbox 260 2478 453 2582; x_wconf 78' lang='lat' dir='ltr'><strong>&#39;quomodo</strong></span> <span class='ocrx_word' id='word_1_144' title='bbox 483 2487 598 2559; x_wconf 84' lang='lat' dir='ltr'><strong>nobis</strong></span> <span class='ocrx_word' id='word_1_145' title='bbox 629 2483 831 2582; x_wconf 76' lang='lat' dir='ltr'><strong>poffimus</strong></span> <span class='ocrx_word' id='word_1_146' title='bbox 829 2508 980 2560; x_wconf 83' lang='lat' dir='ltr'><strong>cavere,</strong></span> <span class='ocrx_word' id='word_1_147' title='bbox 1024 2508 1073 2554; x_wconf 86' lang='lat' dir='ltr'><strong>ne</strong></span> <span class='ocrx_word' id='word_1_148' title='bbox 1099 2480 1276 2563; x_wconf 74' lang='lat' dir='ltr'><strong>insalsae</strong></span> 
     </span>
     <span class='ocr_line' id='line_1_21' title="bbox 196 2574 1298 2685; baseline -0.004 -24"><span class='ocrx_word' id='word_1_149' title='bbox 196 2591 456 2685; x_wconf 81' lang='lat' dir='ltr'><strong>perceptiones</strong></span> <span class='ocrx_word' id='word_1_150' title='bbox 500 2591 725 2665; x_wconf 77' lang='lat' dir='ltr'><strong>incidemus.</strong></span> <span class='ocrx_word' id='word_1_151' title='bbox 801 2574 942 2683; x_wconf 82' lang='lat' dir='ltr'><strong>Quod</strong></span> <span class='ocrx_word' id='word_1_152' title='bbox 961 2601 1164 2679; x_wconf 67' lang='lat' dir='ltr'><strong>tetrumque</strong></span> <span class='ocrx_word' id='word_1_153' title='bbox 1194 2611 1298 2681; x_wconf 74' lang='lat' dir='ltr'><strong>non¹</strong></span> 
     </span>
     <span class='ocr_line' id='line_1_22' title="bbox 98 2686 1271 2788; baseline -0.003 -27"><span class='ocrx_word' id='word_1_154' title='bbox 98 2749 106 2761; x_wconf 93' lang='lat'>.</span> <span class='ocrx_word' id='word_1_155' title='bbox 196 2690 410 2767; x_wconf 83' lang='lat' dir='ltr'><strong>entnob1s</strong></span> <span class='ocrx_word' id='word_1_156' title='bbox 396 2718 472 2781; x_wconf 83' lang='lat' dir='ltr'><strong>Jam</strong></span> <span class='ocrx_word' id='word_1_157' title='bbox 482 2690 630 2765; x_wconf 74' lang='lat' dir='ltr'><strong>difficile</strong></span> <span class='ocrx_word' id='word_1_158' title='bbox 630 2689 718 2788; x_wconf 84' lang='lat' dir='ltr'><strong>post</strong></span> <span class='ocrx_word' id='word_1_159' title='bbox 736 2688 1022 2787; x_wconf 81' lang='lat' dir='ltr'><strong>inquisitionem</strong></span> <span class='ocrx_word' id='word_1_160' title='bbox 1033 2686 1271 2763; x_wconf 78' lang='lat' dir='ltr'><strong>ideaefictae.</strong></span> 
     </span>
     <span class='ocr_line' id='line_1_23' title="bbox 195 2775 1275 2891; baseline -0.001 -27"><span class='ocrx_word' id='word_1_161' title='bbox 195 2775 332 2876; x_wconf 80' lang='lat' dir='ltr'><strong>Nam</strong></span> <span class='ocrx_word' id='word_1_162' title='bbox 320 2812 419 2865; x_wconf 86' lang='lat' dir='ltr'><strong>mter</strong></span> <span class='ocrx_word' id='word_1_163' title='bbox 447 2794 543 2891; x_wconf 80' lang='lat' dir='ltr'><strong>ipses</strong></span> <span class='ocrx_word' id='word_1_164' title='bbox 573 2797 677 2865; x_wconf 88' lang='lat' dir='ltr'><strong>nulla</strong></span> <span class='ocrx_word' id='word_1_165' title='bbox 709 2794 780 2866; x_wconf 81' lang='lat' dir='ltr'><strong>alie</strong></span> <span class='ocrx_word' id='word_1_166' title='bbox 805 2794 929 2865; x_wconf 83' lang='lat' dir='ltr'><strong>datur</strong></span> <span class='ocrx_word' id='word_1_167' title='bbox 936 2789 1161 2879; x_wconf 84' lang='lat' dir='ltr'><strong>differentia,</strong></span> <span class='ocrx_word' id='word_1_168' title='bbox 1201 2791 1275 2863; x_wconf 69' lang='lat' dir='ltr'><strong>nisi</strong></span> 
     </span>
     <span class='ocr_line' id='line_1_24' title="bbox 195 2890 1272 2992; baseline -0.001 -25"><span class='ocrx_word' id='word_1_169' title='bbox 195 2899 302 2991; x_wconf 89' lang='lat' dir='ltr'><strong>quod</strong></span> <span class='ocrx_word' id='word_1_170' title='bbox 339 2896 429 2969; x_wconf 87' lang='lat' dir='ltr'><strong>haec</strong></span> <span class='ocrx_word' id='word_1_171' title='bbox 458 2898 642 2992; x_wconf 81' lang='lat' dir='ltr'><strong>supponat</strong></span> <span class='ocrx_word' id='word_1_172' title='bbox 672 2896 869 2982; x_wconf 83' lang='lat' dir='ltr'><strong>affensum,</strong></span> <span class='ocrx_word' id='word_1_173' title='bbox 902 2896 977 2969; x_wconf 86' lang='lat' dir='ltr'><strong>hoc</strong></span> <span class='ocrx_word' id='word_1_174' title='bbox 1000 2890 1067 2973; x_wconf 82' lang='lat' dir='ltr'><strong>est,</strong></span> <span class='ocrx_word' id='word_1_175' title='bbox 1102 2892 1192 2985; x_wconf 88' lang='lat' dir='ltr'><strong>(uti</strong></span> <span class='ocrx_word' id='word_1_176' title='bbox 1197 2890 1272 2984; x_wconf 77' lang='lat' dir='ltr'><strong>jem</strong></span> 
     </span>
     <span class='ocr_line' id='line_1_25' title="bbox 194 2995 1273 3094; baseline -0.001 -24"><span class='ocrx_word' id='word_1_177' title='bbox 194 3000 428 3091; x_wconf 76' lang='lat' dir='ltr'><strong>notavimus)</strong></span> <span class='ocrx_word' id='word_1_178' title='bbox 444 3000 547 3094; x_wconf 86' lang='lat' dir='ltr'><strong>quod</strong></span> <span class='ocrx_word' id='word_1_179' title='bbox 562 3002 691 3071; x_wconf 86' lang='lat' dir='ltr'><strong>nullae</strong></span> <span class='ocrx_word' id='word_1_180' title='bbox 706 2995 917 3077; x_wconf 84' lang='lat' dir='ltr'><strong>offeruntur</strong></span> <span class='ocrx_word' id='word_1_181' title='bbox 935 3000 1078 3087; x_wconf 81' lang='lat' dir='ltr'><strong>causae,</strong></span> <span class='ocrx_word' id='word_1_182' title='bbox 1106 2998 1197 3067; x_wconf 89' lang='lat' dir='ltr'><strong>dum</strong></span> <span class='ocrx_word' id='word_1_183' title='bbox 1219 3021 1273 3069; x_wconf 85' lang='lat' dir='ltr'><strong>re·</strong></span> 
     </span>
    </p>
   </div>
   <div class='ocr_carea' id='block_1_4' title="bbox 66 3098 1345 3221">
    <p class='ocr_par' dir='ltr' id='par_1_4' title="bbox 66 3098 1345 3221">
     <span class='ocr_line' id='line_1_26' title="bbox 66 3098 1345 3221; baseline 0 -50"><span class='ocrx_word' id='word_1_184' title='bbox 66 3148 72 3159; x_wconf 45' lang='grc' dir='ltr'><strong>ι</strong></span> <span class='ocrx_word' id='word_1_185' title='bbox 193 3100 489 3197; x_wconf 74' lang='lat' dir='ltr'><strong>praesentamina</strong></span> <span class='ocrx_word' id='word_1_186' title='bbox 506 3098 821 3198; x_wconf 80' lang='lat' dir='ltr'><strong>ipsiofferuntur‚</strong></span> <span class='ocrx_word' id='word_1_187' title='bbox 814 3100 987 3221; x_wconf 50' lang='lat' dir='ltr'><strong>ouibus,</strong></span> <span class='ocrx_word' id='word_1_188' title='bbox 1006 3098 1104 3179; x_wconf 79' lang='lat' dir='ltr'><strong>sicut</strong></span> <span class='ocrx_word' id='word_1_189' title='bbox 1114 3098 1271 3197; x_wconf 84' lang='lat' dir='ltr'><strong>fingens,</strong></span> <span class='ocrx_word' id='word_1_190' title='bbox 1343 3109 1345 3118; x_wconf 91' lang='lat'>&#39;</span> 
     </span>
    </p>
   </div>
   <div class='ocr_carea' id='block_1_5' title="bbox 113 3200 1286 4332">
    <p class='ocr_par' dir='ltr' id='par_1_5' title="bbox 113 3200 1286 4322">
     <span class='ocr_line' id='line_1_27' title="bbox 193 3200 1286 3319; baseline -0.004 -43"><span class='ocrx_word' id='word_1_191' title='bbox 193 3200 305 3301; x_wconf 81' lang='lat' dir='ltr'><strong>poffit</strong></span> <span class='ocrx_word' id='word_1_192' title='bbox 319 3206 520 3299; x_wconf 77' lang='lat' dir='ltr'><strong>colligere</strong></span> <span class='ocrx_word' id='word_1_193' title='bbox 557 3232 599 3279; x_wconf 88' lang='lat' dir='ltr'><strong>ea</strong></span> <span class='ocrx_word' id='word_1_194' title='bbox 622 3230 704 3276; x_wconf 89' lang='lat' dir='ltr'><strong>non</strong></span> <span class='ocrx_word' id='word_1_195' title='bbox 735 3207 863 3319; x_wconf 71' lang='lat' dir='ltr'><strong>opiria</strong></span> <span class='ocrx_word' id='word_1_196' title='bbox 884 3205 995 3275; x_wconf 88' lang='lat' dir='ltr'><strong>rebus</strong></span> <span class='ocrx_word' id='word_1_197' title='bbox 1021 3220 1123 3274; x_wconf 82' lang='lat' dir='ltr'><strong>extra</strong></span> <span class='ocrx_word' id='word_1_198' title='bbox 1141 3202 1194 3289; x_wconf 83' lang='lat' dir='ltr'><strong>se,</strong></span> <span class='ocrx_word' id='word_1_199' title='bbox 1236 3202 1286 3273; x_wconf 74' lang='lat' dir='ltr'><strong>et&#39;</strong></span> 
     </span>
     <span class='ocr_line' id='line_1_28' title="bbox 113 3300 1271 3404; baseline -0.003 -25"><span class='ocrx_word' id='word_1_200' title='bbox 113 3330 117 3335; x_wconf 85' lang='grc'><strong>’</strong></span> <span class='ocrx_word' id='word_1_201' title='bbox 195 3309 299 3404; x_wconf 86' lang='lat' dir='ltr'><strong>quod</strong></span> <span class='ocrx_word' id='word_1_202' title='bbox 313 3300 393 3379; x_wconf 84' lang='lat' dir='ltr'><strong>fere</strong></span> <span class='ocrx_word' id='word_1_203' title='bbox 408 3310 507 3381; x_wconf 86' lang='lat' dir='ltr'><strong>nihil</strong></span> <span class='ocrx_word' id='word_1_204' title='bbox 525 3308 629 3382; x_wconf 78' lang='lat' dir='ltr'><strong>eliud</strong></span> <span class='ocrx_word' id='word_1_205' title='bbox 645 3306 707 3387; x_wconf 82' lang='lat' dir='ltr'><strong>fit.</strong></span> <span class='ocrx_word' id='word_1_206' title='bbox 742 3332 853 3403; x_wconf 82' lang='lat' dir='ltr'><strong>quem</strong></span> <span class='ocrx_word' id='word_1_207' title='bbox 879 3308 999 3379; x_wconf 84' lang='lat' dir='ltr'><strong>oculis</strong></span> <span class='ocrx_word' id='word_1_208' title='bbox 1016 3305 1170 3399; x_wconf 80' lang='lat' dir='ltr'><strong>opertis,</strong></span> <span class='ocrx_word' id='word_1_209' title='bbox 1196 3301 1271 3379; x_wconf 86' lang='lat' dir='ltr'><strong>five</strong></span> 
     </span>
     <span class='ocr_line' id='line_1_29' title="bbox 195 3406 1271 3509; baseline -0.004 -26"><span class='ocrx_word' id='word_1_210' title='bbox 195 3410 290 3497; x_wconf 84' lang='lat' dir='ltr'><strong>dum</strong></span> <span class='ocrx_word' id='word_1_211' title='bbox 320 3411 541 3509; x_wconf 78' lang='lat' dir='ltr'><strong>vigilamus,</strong></span> <span class='ocrx_word' id='word_1_212' title='bbox 592 3412 790 3487; x_wconf 84' lang='lat' dir='ltr'><strong>somniare.</strong></span> <span class='ocrx_word' id='word_1_213' title='bbox 857 3408 1061 3483; x_wconf 76' lang='lat' dir='ltr'><strong>Versatur</strong></span> <span class='ocrx_word' id='word_1_214' title='bbox 1051 3426 1209 3501; x_wconf 75' lang='lat' dir='ltr'><strong>nsque</strong></span> <span class='ocrx_word' id='word_1_215' title='bbox 1191 3406 1271 3485; x_wconf 83' lang='lat' dir='ltr'><strong>idea</strong></span> 
     </span>
     <span class='ocr_line' id='line_1_30' title="bbox 194 3490 1269 3608; baseline -0.005 -22"><span class='ocrx_word' id='word_1_216' title='bbox 194 3512 305 3593; x_wconf 80' lang='lat' dir='ltr'><strong>false,</strong></span> <span class='ocrx_word' id='word_1_217' title='bbox 326 3516 389 3586; x_wconf 82' lang='lat' dir='ltr'><strong>vel</strong></span> <span class='ocrx_word' id='word_1_218' title='bbox 403 3518 463 3607; x_wconf 90' lang='lat' dir='ltr'><strong>(ut</strong></span> <span class='ocrx_word' id='word_1_219' title='bbox 480 3514 614 3585; x_wconf 86' lang='lat' dir='ltr'><strong>melius</strong></span> <span class='ocrx_word' id='word_1_220' title='bbox 628 3516 777 3608; x_wconf 86' lang='lat' dir='ltr'><strong>loquar)</strong></span> <span class='ocrx_word' id='word_1_221' title='bbox 794 3510 952 3584; x_wconf 82' lang='lat' dir='ltr'><strong>refertur</strong></span> <span class='ocrx_word' id='word_1_222' title='bbox 979 3512 1025 3583; x_wconf 85' lang='lat' dir='ltr'><strong>ad</strong></span> <span class='ocrx_word' id='word_1_223' title='bbox 1042 3490 1269 3583; x_wconf 70' lang='lat' dir='ltr'><strong>existentiam</strong></span> 
     </span>
     <span class='ocr_line' id='line_1_31' title="bbox 192 3612 1267 3713; baseline -0.007 -24"><span class='ocrx_word' id='word_1_224' title='bbox 192 3616 268 3703; x_wconf 77' lang='lat' dir='ltr'><strong>rei,</strong></span> <span class='ocrx_word' id='word_1_225' title='bbox 295 3615 404 3708; x_wconf 76' lang='lat' dir='ltr'><strong>cujus</strong></span> <span class='ocrx_word' id='word_1_226' title='bbox 420 3613 570 3690; x_wconf 83' lang='lat' dir='ltr'><strong>effen&#39;tie</strong></span> <span class='ocrx_word' id='word_1_227' title='bbox 578 3617 843 3713; x_wconf 81' lang='lat' dir='ltr'><strong>cognoscitur,</strong></span> <span class='ocrx_word' id='word_1_228' title='bbox 870 3615 993 3697; x_wconf 73' lang='lat' dir='ltr'><strong>seve</strong></span> <span class='ocrx_word' id='word_1_229' title='bbox 963 3640 1057 3687; x_wconf 78' lang='lat' dir='ltr'><strong>circa</strong></span> <span class='ocrx_word' id='word_1_230' title='bbox 1075 3612 1267 3693; x_wconf 73' lang='lat' dir='ltr'><strong>edendam,</strong></span> 
     </span>
     <span class='ocr_line' id='line_1_32' title="bbox 193 3671 1270 3815; baseline -0.003 -25"><span class='ocrx_word' id='word_1_231' title='bbox 193 3671 330 3800; x_wconf 75' lang='lat' dir='ltr'><strong>eodem</strong></span> <span class='ocrx_word' id='word_1_232' title='bbox 359 3718 496 3794; x_wconf 83' lang='lat' dir='ltr'><strong>modo</strong></span> <span class='ocrx_word' id='word_1_233' title='bbox 511 3720 665 3793; x_wconf 77' lang='lat' dir='ltr'><strong>acideo</strong></span> <span class='ocrx_word' id='word_1_234' title='bbox 689 3718 784 3794; x_wconf 84' lang='lat' dir='ltr'><strong>ficta.</strong></span> <span class='ocrx_word' id='word_1_235' title='bbox 845 3718 1017 3815; x_wconf 80' lang='lat' dir='ltr'><strong>Queead</strong></span> <span class='ocrx_word' id='word_1_236' title='bbox 1041 3712 1270 3789; x_wconf 78' lang='lat' dir='ltr'><strong>existentiam</strong></span> 
     </span>
     <span class='ocr_line' id='line_1_33' title="bbox 191 3817 1267 3908; baseline -0.008 -13"><span class='ocrx_word' id='word_1_237' title='bbox 191 3820 373 3902; x_wconf 67' lang='lat' dir='ltr'><strong>ecfertur,</strong></span> <span class='ocrx_word' id='word_1_238' title='bbox 416 3821 636 3895; x_wconf 86' lang='lat' dir='ltr'><strong>emendatur</strong></span> <span class='ocrx_word' id='word_1_239' title='bbox 667 3822 801 3893; x_wconf 90' lang='lat' dir='ltr'><strong>eodem</strong></span> <span class='ocrx_word' id='word_1_240' title='bbox 827 3822 963 3908; x_wconf 89' lang='lat' dir='ltr'><strong>modo,</strong></span> <span class='ocrx_word' id='word_1_241' title='bbox 998 3846 1040 3891; x_wconf 84' lang='lat' dir='ltr'><strong>oc</strong></span> <span class='ocrx_word' id='word_1_242' title='bbox 1067 3820 1150 3891; x_wconf 86' lang='lat' dir='ltr'><strong>idea</strong></span> <span class='ocrx_word' id='word_1_243' title='bbox 1176 3817 1267 3889; x_wconf 83' lang='lat' dir='ltr'><strong>ficte.</strong></span> 
     </span>
     <span class='ocr_line' id='line_1_34' title="bbox 121 3909 1268 4022; baseline -0.002 -27"><span class='ocrx_word' id='word_1_244' title='bbox 121 3966 125 3978; x_wconf 59' lang='grc' dir='ltr'><strong>ι</strong></span> <span class='ocrx_word' id='word_1_245' title='bbox 192 3932 296 4022; x_wconf 71' lang='lat' dir='ltr'><strong>Quae</strong></span> <span class='ocrx_word' id='word_1_246' title='bbox 337 3927 383 3999; x_wconf 87' lang='lat' dir='ltr'><strong>ad</strong></span> <span class='ocrx_word' id='word_1_247' title='bbox 412 3924 601 4000; x_wconf 82' lang='lat' dir='ltr'><strong>essentiam</strong></span> <span class='ocrx_word' id='word_1_248' title='bbox 637 3909 829 4004; x_wconf 86' lang='lat' dir='ltr'><strong>refertur,</strong></span> <span class='ocrx_word' id='word_1_249' title='bbox 889 3922 1109 3995; x_wconf 86' lang='lat' dir='ltr'><strong>emendetur</strong></span> <span class='ocrx_word' id='word_1_250' title='bbox 1143 3922 1268 3993; x_wconf 87' lang='lat' dir='ltr'><strong>eodem</strong></span> 
     </span>
     <span class='ocr_line' id='line_1_35' title="bbox 190 4024 1270 4143; baseline -0.008 -43"><span class='ocrx_word' id='word_1_251' title='bbox 190 4030 328 4108; x_wconf 90' lang='lat' dir='ltr'><strong>modo,</strong></span> <span class='ocrx_word' id='word_1_252' title='bbox 363 4053 406 4101; x_wconf 84' lang='lat' dir='ltr'><strong>ec</strong></span> <span class='ocrx_word' id='word_1_253' title='bbox 423 4026 544 4101; x_wconf 88' lang='lat' dir='ltr'><strong>fictio:</strong></span> <span class='ocrx_word' id='word_1_254' title='bbox 578 4052 671 4108; x_wconf 79' lang='lat' dir='ltr'><strong>nam</strong></span> <span class='ocrx_word' id='word_1_255' title='bbox 692 4024 724 4104; x_wconf 85' lang='grc' dir='ltr'><strong>1ι</strong></span> <span class='ocrx_word' id='word_1_256' title='bbox 746 4045 877 4102; x_wconf 83' lang='lat' dir='ltr'><strong>natura</strong></span> <span class='ocrx_word' id='word_1_257' title='bbox 894 4028 949 4104; x_wconf 84' lang='lat' dir='ltr'><strong>rei</strong></span> <span class='ocrx_word' id='word_1_258' title='bbox 964 4044 1075 4097; x_wconf 84' lang='lat' dir='ltr'><strong>notae</strong></span> <span class='ocrx_word' id='word_1_259' title='bbox 1092 4025 1270 4143; x_wconf 80' lang='lat' dir='ltr'><strong>supponat</strong></span> 
     </span>
     <span class='ocr_line' id='line_1_36' title="bbox 191 4110 1267 4225; baseline -0.007 -21"><span class='ocrx_word' id='word_1_260' title='bbox 191 4127 427 4204; x_wconf 77' lang='lat' dir='ltr'><strong>existentiam</strong></span> <span class='ocrx_word' id='word_1_261' title='bbox 449 4110 703 4219; x_wconf 70' lang='lat' dir='ltr'><strong>necessariam,</strong></span> <span class='ocrx_word' id='word_1_262' title='bbox 752 4126 974 4225; x_wconf 83' lang='lat' dir='ltr'><strong>impoffibile</strong></span> <span class='ocrx_word' id='word_1_263' title='bbox 1008 4124 1075 4207; x_wconf 80' lang='lat' dir='ltr'><strong>efi,</strong></span> <span class='ocrx_word' id='word_1_264' title='bbox 1110 4145 1154 4197; x_wconf 87' lang='lat' dir='ltr'><strong>ut</strong></span> <span class='ocrx_word' id='word_1_265' title='bbox 1180 4129 1267 4197; x_wconf 84' lang='lat' dir='ltr'><strong>circs</strong></span> 
     </span>
     <span class='ocr_line' id='line_1_37' title="bbox 191 4222 1268 4332; baseline -0.009 -25"><span class='ocrx_word' id='word_1_266' title='bbox 191 4226 427 4332; x_wconf 77' lang='lat' dir='ltr'><strong>existentiam</strong></span> <span class='ocrx_word' id='word_1_267' title='bbox 450 4231 554 4306; x_wconf 84' lang='lat' dir='ltr'><strong>illius</strong></span> <span class='ocrx_word' id='word_1_268' title='bbox 570 4232 836 4322; x_wconf 67' lang='lat' dir='ltr'><strong>refellamur,</strong></span> <span class='ocrx_word' id='word_1_269' title='bbox 865 4229 932 4304; x_wconf 85' lang='lat' dir='ltr'><strong>sed</strong></span> <span class='ocrx_word' id='word_1_270' title='bbox 952 4232 995 4305; x_wconf 79' lang='grc' dir='ltr'><strong>ιι</strong></span> <span class='ocrx_word' id='word_1_271' title='bbox 992 4222 1197 4317; x_wconf 77' lang='lat' dir='ltr'><strong>existentia</strong></span> <span class='ocrx_word' id='word_1_272' title='bbox 1220 4229 1268 4301; x_wconf 86' lang='lat' dir='ltr'><strong>rei</strong></span> 
     </span>
    </p>
   </div>
   <div class='ocr_carea' id='block_1_6' title="bbox 189 4330 1267 4531">
    <p class='ocr_par' dir='ltr' id='par_1_6' title="bbox 189 4330 1267 4531">
     <span class='ocr_line' id='line_1_38' title="bbox 189 4330 1267 4504; baseline -0.009 -93"><span class='ocrx_word' id='word_1_273' title='bbox 189 4360 271 4411; x_wconf 88' lang='lat' dir='ltr'><strong>non</strong></span> <span class='ocrx_word' id='word_1_274' title='bbox 286 4336 338 4408; x_wconf 88' lang='lat' dir='ltr'><strong>fit</strong></span> <span class='ocrx_word' id='word_1_275' title='bbox 345 4349 502 4412; x_wconf 71' lang='lat' dir='ltr'><strong>aeterne</strong></span> <span class='ocrx_word' id='word_1_276' title='bbox 522 4355 687 4468; x_wconf 63' lang='grc' dir='ltr'><strong>ιοιιιιε,</strong></span> <span class='ocrx_word' id='word_1_277' title='bbox 729 4338 787 4410; x_wconf 81' lang='lat' dir='ltr'><strong>uti</strong></span> <span class='ocrx_word' id='word_1_278' title='bbox 812 4330 919 4408; x_wconf 82' lang='lat' dir='ltr'><strong>est</strong></span> <span class='ocrx_word' id='word_1_279' title='bbox 889 4360 968 4425; x_wconf 67' lang='lat' dir='ltr'><strong>epte</strong></span> <span class='ocrx_word' id='word_1_280' title='bbox 983 4331 1193 4450; x_wconf 57' lang='lat' dir='ltr'><strong>clientis„</strong></span> <span class='ocrx_word' id='word_1_281' title='bbox 1189 4330 1267 4504; x_wconf 63' lang='lat' dir='ltr'><strong>teg</strong></span> 
     </span>
     <span class='ocr_line' id='line_1_39' title="bbox 723 4444 1242 4531; baseline -0.006 -24"><span class='ocrx_word' id='word_1_282' title='bbox 723 4444 745 4475; x_wconf 69' lang='lat'>‘</span> <span class='ocrx_word' id='word_1_283' title='bbox 1171 4458 1242 4531; x_wconf 88' lang='lat' dir='ltr'><strong>quo</strong></span> 
     </span>
    </p>
   </div>
   <div class='ocr_carea' id='block_1_7' title="bbox 0 0 1376 4684">
    <p class='ocr_par' dir='ltr' id='par_1_7' title="bbox 0 0 1376 4684">
     <span class='ocr_line' id='line_1_40' title="bbox 0 0 1376 4684; baseline 0 2"><span class='ocrx_word' id='word_1_284' title='bbox 0 0 1376 4684; x_wconf 95' lang='lat' dir='ltr'><strong> </strong></span> 
     </span>
    </p>
   </div>
  </div>
 </body>
</html>
