2742 4684
119 318 123 330 ·
209 312 286 389 374
452 286 802 374 Tarnantone.
856 297 1054 379 omvm.

214 501 339 587 cedat,
368 516 405 571 et
417 500 467 580 in,
486 502 595 573 illum
615 502 654 572 id
672 499 889 593 transferat,
924 498 985 577 eui
1003 504 1111 575 illam
1129 502 1298 601 potesta·

170 639 173 645 ·
212 621 288 676 tem
308 603 434 689 dedit,
471 606 631 707 quippe,
659 606 803 699 qui'vel
829 630 907 678 uno
939 606 1021 677 solo
1045 608 1106 680 die
1130 607 1296 705 poteste-

213 725 291 779 tem
318 707 431 778 habet
452 710 555 805 leges
583 703 773 779 condendi
799 726 843 781 et
862 711 1088 807 abrogandi,
1130 711 1199 783 ille
1223 730 1293 785 to·

213 829 292 881 tam
308 811 456 905 imperii
473 810 634 881 formam
651 829 796 885 mutare
814 810 946 908 potest.
999 822 1050 885 At
1063 814 1291 908 quotidiana

179 960 183 975 a
213 913 365 1007 imperii
387 915 541 1009 negotia
556 914 640 985 eliis
665 910 713 983 ad
745 932 893 1011 tempus
920 915 1124 989 secundum
1151 915 1291 991 consti-

214 1035 295 1091 tuta
314 1017 394 1107 jura
416 1011 706 1097 administranda
730 1019 893 1108 tradere,
934 1036 1080 1092 retento
1108 1020 1288 1115 supremo

82 1137 85 1141 ’
214 1120 283 1214 suo
300 1120 397 1209 jure,
425 1115 554 1214 p'otest.
608 1124 816 1211 Praeterea,
843 1119 870 1193 fi
886 1121 1039 1219 imperii
1057 1120 1219 1195 ministri
1238 1124 1306 1199 nb¹

214 1223 312 1308 ello,
339 1236 452 1319 quarn
471 1224 517 1295 ab
534 1222 607 1295 hoc
623 1223 795 1312 Concilio
817 1224 1062 1321 eligerentur,
1104 1243 1189 1297 tum
1212 1228 1290 1297 hu-

214 1327 274 1418 jur
291 1326 453 1399 Concilii
467 1324 636 1397 membra
653 1325 793 1431 pupilli
812 1328 960 1433 potius,
987 1352 1101 1425 quam
1115 1330 1286 1421 Petrioii,

215 1428 431 1535 appellandi
447 1426 572 1531 effent.
620 1491 623 1495 ι
689 1436 691 1445 ’
1132 1460 1137 1478 ·

161 1703 165 1714 .
316 1633 349 1740 §
376 1640 510 1713 XV111.
563 1637 665 1709 Hinc
680 1636 845 1709 concilio
870 1637 992 1711 solent
1018 1639 1171 1737 q'uide'm
1194 1644 1288 1713 Reo-

215 1757 338 1811 torem
373 1738 434 1818 seu
465 1738 677 1837 Principem
709 1764 850 1829 creare,
896 1744 969 1817 vel·
984 1742 1032 1814 ed
1057 1743 1195 1834 vitam,
1238 1762 1289 1816 ut

187 1829 379 1929 'Veneti‚·
404 1845 468 1913 vel
484 1843 530 1914 ad
546 1861 713 1947 tempus,
748 1861 792 1913 ut
815 1845 1028 1919 Genuenses
1038 1872 1050 1931 3
1086 1846 1147 1918 sed
1178 1863 1285 1919 tanta

213 1968 303 2017 cum
319 1945 512 2033 cautione,
548 1965 592 2018 ut
607 1947 692 2017 latis
710 1966 901 2047 appareat,
944 1948 984 2021 id
1002 1972 1083 2019 non
1099 1946 1176 2025 fine
1199 1974 1283 2023 ma·

212 2072 291 2146 gno
314 2048 464 2144 imperii
481 2051 648 2144 periculo
679 2044 774 2127 fleri.
839 2056 888 2124 Et
902 2050 988 2123 sane
1010 2050 1182 2123 dubitare
1197 2077 1284 2125 nou

111 2220 115 2243 ,
211 2149 423 2248 pollunrus,
466 2153 558 2248 quin
574 2154 777 2249 imperium
795 2154 865 2233 hac
886 2156 1031 2233 ratione
1056 2154 1102 2226 ad
1127 2160 1283 2227 Monar-

182 2250 363 2327 ‘ehieum
387 2258 551 2345 accedat,
601 2274 638 2329 et
661 2274 845 2352 quantum
886 2282 933 2330 ex
956 2280 1090 2330 eorum
1112 2252 1282 2334 historiis

213 2359 399 2449 conjicere
414 2358 624 2455 pollumue,
658 2362 765 2431 nulla
795 2360 867 2431 alia
883 2358 929 2432 de
944 2360 1048 2432 ceule
1071 2360 1112 2431 id
1134 2358 1282 2434 factum

213 2454 284 2551 eft,
325 2456 437 2560 quarn
456 2464 542 2559 quia
567 2481 652 2543 ante
676 2459 875 2536 constitute
906 2460 1003 2535 haec
1021 2465 1189 2537 concilia
1212 2464 1283 2536 sub

149 2575 153 2586 '
212 2572 370 2639 flectcre
395 2570 457 2637 vel
488 2572 613 2655 Duce,
647 2568 770 2639 veluti
784 2565 851 2639 sub
868 2572 985 2663 Rege,
1019 2564 1190 2659 fuerant3
1228 2584 1284 2641 at-

212 2693 287 2764 que
302 2672 395 2753 adeo
414 2672 580 2741 Rectoria
597 2670 734 2741 creatio
758 2669 888 2740 Gentis
908 2670 1084 2765 quidem,
1121 2670 1282 2743 sednon

212 2768 632 2868 imperiiArifiocretici
660 2772 827 2847 absolute
851 2768 1090 2865 confiderati,
1125 2770 1281 2868 requili·

210 2894 297 2951 tum
310 2870 629 2960 neceffarinmeft.
1093 2895 1131 2923 *1

314 3088 350 3174 §.
376 3088 474 3154 XIX.
527 3090 719 3171 Attamen,
747 3083 834 3179 quia
858 3083 1002 3156 lumina
1024 3082 1138 3176 hujus
1164 3084 1281 3178 impe·

209 3186 260 3267 rii
274 3182 430 3283 potestas
451 3209 567 3283 penes
584 3186 803 3259 universum
828 3189 901 3259 hoc
931 3188 1164 3274 Concilium,
1198 3210 1281 3258 non

100 3353 103 3360 a
132 3293 138 3306 '
208 3308 335 3363 autem
353 3298 468 3387 penes'
484 3290 784 3387 unumquodque
801 3290 970 3383 ejusdem
985 3293 1200 3363 membrum
1209 3285 1259 3362 ell
1264 3316 1280 3377 3

209 3402 313 3479 (narn
335 3393 427 3467 alias
460 3412 589 3464 coetus
624 3392 710 3476 effet
734 3395 971 3467 inordinatae
1003 3392 1281 3481 multitudinis)

155 3564 160 3571 .
208 3495 350 3569 necelle
377 3522 465 3590 ergo
497 3492 566 3584 est,
613 3514 658 3566 ut
682 3498 831 3569 Patricii
862 3522 995 3570 omnes
1023 3497 1193 3594 Legibus
1227 3498 1281 3566 ite

207 3598 505 3695 adstringantur,
541 3616 585 3669 ut
607 3624 730 3670 unum
754 3601 875 3673 veluti
891 3624 1049 3696 corpus,
1086 3600 1189 3695 quod
1204 3622 1282 3669 une

205 3707 350 3807 regitur
366 3723 510 3791 mente,
546 3720 790 3798 componant.
852 3711 903 3775 At
916 3707 1020 3804 leges
1039 3728 1104 3805 per
1120 3703 1158 3777 se
1182 3700 1282 3774 solae

204 3806 396 3879 invalidae
438 3806 522 3876 lunt
556 3822 593 3876 et
625 3803 737 3879 facile
761 3804 1009 3906 franguntur,
1058 3806 1127 3879 ubi
1146 3828 1283 3879 ‘etrum

123 3979 139 3994 ,
203 3911 374 3984 vindices
391 3910 420 3980 ii
436 3904 504 4003 ipli
522 3906 627 3996 sunt,
663 3910 730 4006 qui
755 3936 909 4009 peccare
931 3908 1103 4007 pellunt,
1141 3909 1284 4006 quique

203 4012 279 4085 soli
298 4005 517 4109 exemplum
538 4037 586 4082 ex
602 4011 788 4117 supplicio
818 4008 947 4110 capere
973 4015 1111 4089 debent
1147 4029 1186 4085 et
1209 4012 1286 4085 col·

203 4116 306 4215 legas
325 4142 366 4186 ea
386 4120 432 4186 de
453 4114 557 4187 caula
576 4119 729 4207 punire,
771 4135 816 4188 ut
833 4119 940 4188 suum
957 4115 1166 4212 appetitum
1193 4112 1285 4207 ejus·

204 4218 294 4290 dem
323 4217 493 4313 'upplicii
525 4236 629 4293 metu
648 4217 834 4311 ¹fratrent,
893 4222 996 4323 quod
1029 4224 1210 4315 magnum
1236 4210 1294 4297 eft,

203 4322 408 4411 absurdum
414 4348 428 4406 ς
472 4339 585 4422 arque
616 4325 710 4402 adeo
742 4325 914 4400 medium
943 4323 1199 4425 quaerendum
1224 4316 1287 4408 est,

225 4459 232 4474 ·
1205 4444 1284 4521 quo
