2742 4684
210 332 304 411 ²38²
429 260 434 273 Ι
468 315 667 386 Tarcrlr.
686 308 822 381 Pomm
843 332 849 342 “
873 310 960 389 Gru.
977 302 1090 384 Vnt·
1171 318 1173 322 ‘

212 522 460 598 decernenda
497 522 601 609 sunt,
633 518 858 613 ‘imperium
888 510 1192 596 Aristocraticfim
1216 530 1314 599 'non'

208 630 356 709 ,minua
380 626 579 700 onerosum
608 621 880 710 subditia'erit,
915 645 1027 716 quem
1051 626 1312 723 quodcunque

157 721 161 739 ’
225 733 526 805 Monarchitum.
580 727 669 815 Sed,
695 740 952 819 praeterquam
970 730 1072 825 quod
1088 732 1224 826 Regiae
1243 756 1309 803 au·

224 837 285 908 lae
300 835 459 926 majores
477 833 647 932 sumptae
661 828 875 923 requirunt,
909 832 1003 929 q'uae
1027 848 1151 906 tamen
1176 834 1225 904 ad
1248 855 1312 929 pe·

219 964 307 1010 cem
330 939 524 1009 tutandam
545 958 627 1007 non
652 933 893 1028 praebentur,
927 942 964 1008 et
988 938 1088 1031 quod
1114 962 1189 1031 pax
1211 962 1311 1013 nun·

222 1065 339 1137 quam
355 1043 471 1112 nimis
488 1063 571 1112 caro
588 1037 709 1135 pretio
733 1041 808 1111 emi
833 1036 955 1133 poffit3
1004 1043 1147 1112 accedit
1171 1042 1310 1137 primo,

208 1146 328 1239 ¹quod
350 1143 391 1215 id
427 1168 560 1232 omne,
602 1142 702 1240 quod
735 1142 776 1213 in
810 1144 1054 1215 Monarchico
1078 1145 1243 1241 imperio
1265 1150 1310 1223 in

219 1270 362 1335 unum,
388 1265 452 1320 aut
466 1268 625 1341 paucos,
642 1248 701 1318 'in
724 1246 797 1319 hoo
813 1246 855 1317 in
889 1248 1082 1341 plurimos.
1099 1250 1308 1325 confertur·

159 1417 163 1432 ,
219 1352 371 1423 Deinde
404 1356 523 1447 R'egea
556 1368 764 1444 eorumque
796 1346 955 1421 ministri
1001 1374 1112 1431 onera
1152 1354 1306 1449 imperii

221 1479 309 1525 cum
328 1454 483 1525 subditis
498 1478 578 1523 non
598 1452 744 1541 ferunt,
778 1454 880 1550 qnod
895 1455 935 1525 in
964 1454 1037 1525 boc
1060 1474 1190 1529 contra
1214 1460 1307 1531 roti-

116 1545 147 1591 ·’
219 1555 295 1640 dit3
322 1580 410 1628 nam
426 1556 597 1643 Patricii,
634 1558 700 1651 qui
717 1557 859 1651 semper
876 1580 922 1627 ex
941 1558 1141 1631 ditioribus
1159 1562 1310 1657 eligun-

92 1686 96 1704 ¹
207 1676 300 1749 -tur,
325 1661 530 1733 maximam
545 1675 689 1753 partem
705 1660 806 1754 Reip.
839 1659 1048 1731 conferunt.
1125 1666 1307 1760 Denique

95 1805 98 1814 ·
158 1822 163 1835 .
214 1764 370 1858 imperii
381 1764 616 1836 Monarchici
632 1787 746 1834 onera
762 1787 842 1836 non
858 1780 934 1835 tam
952 1765 1130 1861 exRegiia
1149 1767 1307 1862 sumpti·

218 1865 310 1954 bus,
343 1890 456 1961 quam
480 1890 527 1939 ex
559 1864 729 1956 ejusdem
764 1868 906 1937 arcanis
938 1866 1121 1939 oriuntur.
1184 1874 1306 1944 Onera

215 1970 322 2041 enim
343 1965 519 2065 imperii,
566 1991 662 2065 quae
694 1970 794 2065 pacis
830 1987 866 2040 et
903 1970 1086 2043 libertatis
1122 1974 1306 2047 tutandae

215 2073 323 2145 causa
352 2064 500 2145 civibus
529 2073 799 2168 imponuntur,
851 2074 1024 2170 quamvis
1057 2100 1193 2173 magna
1221 2076 1306 2165 lint,

202 2171 441 2249 -sullinentur
455 2194 593 2264 tamon,
619 2193 655 2247 et
670 2178 772 2271 pacis'
784 2176 943 2246 utilitate
960 2173 1145 2254 feruntur.
1182 2186 1321 2277 'Quae

213 2303 309 2376 gena
326 2304 493 2376 unquam
508 2297 590 2369 tot,
610 2296 761 2375 tamque
778 2279 905 2374 gravia
922 2282 1119 2377 vectigalia
1136 2284 1305 2376 pendere

212 2382 365 2471 debuit,
391 2401 435 2453 ut
449 2380 705 2454 Hollandica?
732 2380 841 2475 alque
856 2382 946 2452 haec
963 2406 1042 2453 non
1058 2402 1208 2455 tantum
1217 2408 1304 2459 non

213 2482 407 2574 exhausta,
441 2487 534 2581 quin
555 2502 685 2557 oontra
705 2484 839 2579 opibus
857 2486 951 2556 adeo
966 2502 1101 2578 potens
1125 2478 1220 2575 fuit,
1255 2504 1301 2560 ut

172 2633 175 2639 ,
212 2588 299 2679 eiua·
313 2587 508 2661 fortunam
523 2613 658 2660 omnes
671 2585 899 2659 inriderent.
951 2590 992 2658 Si
1005 2590 1133 2684 itaque
1148 2590 1304 2686 imperii

210 2693 450 2766 Monerebici
465 2716 578 2763 onera
601 2693 704 2785 pacis
730 2690 834 2760 caule
856 2691 1161 2784 imponerentur,
1196 2696 1303 2767 cives

209 2819 292 2870 non
309 2807 540 2891 premerem
566 2792 649 2879 sed,
676 2794 734 2863 uti
748 2793 847 2881 dixi,
882 2818 929 2863 ex
946 2790 1168 2883 hujusmodi
1181 2799 1303 2893 impe·

209 2898 260 2969 rii
276 2899 419 2971 arcanis
441 2896 503 2984 fit,
527 2914 572 2967 ut
586 2892 725 2967 subditi
741 2898 849 2967 oneri
877 2895 1133 2975 succumbant.
1182 2902 1303 2973 Nem·

161 3064 164 3069 .
208 3024 257 3095 pe
275 3002 361 3094 quia
378 3006 521 3096 Regum
537 3001 658 3071 virtus
676 3000 797 3097 magia
815 3000 857 3069 in
874 2999 987 3086 bello,
1013 3022 1128 3095 quam
1143 3001 1185 3071 in
1202 3026 1300 3097 pace

204 3098 308 3278 ΞΝ]
335 3105 454 3192 valet,
488 3120 526 3175 et
550 3102 654 3198 quod
676 3102 725 3193 ii,
768 3102 835 3197 qui
859 3100 928 3172 soli
953 3124 1116 3199 regnare
1140 3107 1301 3195 volunt,

227 3215 448 3300 umm'opere
463 3208 592 3278 conari
609 3205 759 3293 dehent,
786 3220 829 3274 ut
851 3202 1020 3275 subditos
1036 3206 1170 3300 inopes
1186 3209 1303 3281 nabo

208 3327 295 3394 rnt3
322 3325 365 3379 ut
376 3308 456 3398 jam
473 3311 545 3381 alia
562 3326 723 3395 taceam,
750 3331 845 3403 quae
861 3304 1165 3401 prudentiffimua
1180 3312 1301 3409 Belga
1361 3396 1366 3404 ,

206 3411 252 3488 V.
277 3418 327 3489 H.
345 3414 439 3484 olim
455 3412 614 3499 notavit,
640 3414 729 3509 quia
745 3411 930 3483 admeum
938 3404 1161 3499 institutum,
1189 3408 1300 3508 quod

207 3515 448 3590 solummodo
480 3512 531 3587 eft
561 3515 713 3610 imperii
737 3512 994 3607 cujuscunque
1016 3516 1208 3609 optimum
1232 3514 1300 3591 tta»

205 3636 290 3690 tum
307 3618 530 3708 describere,
556 3643 639 3692 non
655 3610 832 3712 lpe'otant.
870 3652 873 3670 ·

309 3833 339 3910 ὃ.
365 3828 518 3901 XXXII.
569 3827 614 3895 In
654 3827 792 3895 Senatu
825 3822 943 3919 aliqui
974 3848 1022 3897 ex
1045 3820 1241 3918 Syndioia,
1260 3851 1299 3901 ἰ

200 3929 379 4024 supremo
397 3928 570 4000 Concilio
593 3924 744 4011 olentia,
792 3924 917 3998 sedero
940 3927 1098 4012 debent3
1134 3930 1196 4001 led
1220 3928 1300 4002 fine

203 4028 372 4127 suffragii
387 4030 490 4121 juret
514 4052 654 4121 nempe
667 4044 712 4098 ut
726 4028 945 4118 observent,
970 4054 1064 4103 num
1084 4030 1177 4123 jura,
1205 4056 1301 4129 quae

203 4136 303 4207 illud
321 4132 536 4205 Concilium
553 4129 736 4225 spectant,
762 4148 861 4203 recte
880 4133 1094 4223 serventur,
1131 4152 1168 4207 et
1183 4153 1227 4207 ut
1243 4136 1302 4207 su·

128 4246 138 4272 ⁹
173 4222 381 4333 'promum
413 4232 629 4305 Concilium
652 4234 856 4306 convocari
879 4251 1028 4325 curent,
1071 4237 1225 4333 quando
1250 4246 1302 4313 ex

202 4346 344 4415 Senatu
357 4336 405 4413 ad
418 4335 545 4433 ipsum
568 4336 787 4446 supremum
814 4337 1047 4424 Concilium
1064 4340 1210 4519 aliquifd
1234 4340 1302 4413 de*

685 4488 697 4501 =
1197 4466 1302 4518 eren·
