2742 4684
446 212 514 343 bt
537 286 791 357 uonanotnt.
950 344 953 353 Δ
981 218 984 223 Α
1096 276 1169 376 349

76 454 162 531 beri
178 449 363 534 etuffines
389 452 488 525 curis
510 448 722 524 domesticis
745 452 903 543 intenti,
935 450 1095 529 studium
1122 453 1169 527 ad
1279 448 1282 458 '

79 582 184 630 arma
199 557 241 627 in
267 554 366 626 bello
394 557 576 649 applicare
600 571 637 625 et
658 555 860 627 militatum
884 558 937 628 ire
967 574 1147 656 cogentur
1156 581 1168 639 ;

77 656 182 731 unde
200 658 355 727 domum
374 656 470 727 nihil
486 674 628 751 praeter
644 647 821 753 gratuitas
839 657 1021 730 cicatrices
1034 654 1171 729 referre

77 776 270 856 poterunt.
323 762 443 843 Nam,
470 759 526 827 uti
541 760 611 828 Art.
627 777 676 843 50
706 759 973 853 praeoed'Cap.
992 760 1169 843 diximus,
1237 749 1240 761 Α

79 862 242 933 militiae
257 855 433 952 stipendia
457 860 563 928 nulla
588 857 762 942 solvenda
781 877 817 929 et
834 871 908 931 Art.
931 887 987 935 11·
1010 860 1169 957 ejrr'sdem

82 962 177 1059 Cap.
194 959 332 1057 ipsoex
348 960 435 1031 solis
452 960 595 1031 civibus
613 978 709 1031 etex
727 961 842 1033 nullis
860 961 944 1033 aliis
961 960 1167 1061 formanda.

184 1140 213 1215 §-
232 1108 331 1199 VII'IA
386 1129 444 1200 Ad
467 1152 595 1225 pacem
618 1147 654 1199 et
678 1128 918 1201 concordiam
943 1128 1044 1199 alind
1070 1152 1169 1223 prae·

81 1248 194 1317 terea,
211 1230 313 1327 quod
330 1231 439 1301 etiam
456 1230 586 1327 magni
602 1226 868 1319 admonenti,
885 1230 1042 1318 accedit,
1054 1254 1170 1299 *nem-

79 1358 129 1430 pe
146 1332 248 1427 quod
266 1332 391 1416 nullus
409 1334 500 1405 civis
527 1336 623 1404 bona
651 1331 723 1402 fixa
742 1333 879 1402 'habeat
896 1334 1089 1420 (videArt.
1111 1353 1167 1401 12.

78 1434 247 1531 praeced,
266 1434 383 1526 Cap.)
436 1433 546 1505 Unde
568 1436 746 1506 omnibus
764 1434 930 1506 ex'bello
956 1459 1020 1529 par
1038 1442 1170 1524 prope·

79 1536 240 1607 modum
257 1535 466 1629 perieulum
482 1532 549 1608 est:
577 1560 665 1618 nam
683 1559 812 1607 omnes
835 1536 929 1606 lucri
954 1536 1054 1605 causa
1073 1556 1170 1603 mar·

80 1655 246 1709 oettrram
271 1661 457 1725 exercere,
484 1636 546 1706 vel
566 1655 758 1734 argentum
783 1636 889 1707 suum
911 1636 1071 1708 invicem
1094 1642 1169 1704 orei

28 1823 31 1830 ,
81 1739 180 1825 dere,
211 1737 255 1825 fi,
281 1752 322 1805 ut
344 1740 435 1809 olim
453 1738 498 1808 ab
515 1736 821 1825 Atheniensibus,
845 1738 907 1808 lex
924 1742 994 1808 lata
1013 1733 1068 1820 stt,
1094 1756 1167 1829 qua
1235 1781 1237 1787 «

78 1838 323 1937 prohibeatur
343 1839 554 1935 unicuique,
571 1856 763 1935 argentum
781 1840 886 1909 suum
904 1825 1057 1910 foenore
1073 1838 1166 1921 aliis,

80 1961 193 2070 <ruam
210 1940 350 2011 incolis
375 1942 460 2009 dare
468 1967 485 2024 a
514 1959 624 2036 atquc
647 1942 739 2012 adeo
766 1942 911 2037 negotia
932 1956 1083 2011 tractare
1106 1936 1166 2006 de·
1262 1999 1269 2009 .

75 2041 242 2125 bebunt,
276 2063 370 2135 qaae
396 2042 456 2112 vel
478 2041 638 2112 invicem
664 2041 833 2116 intricata
857 2043 965 2130 sunt,
990 2042 1051 2113 vel
1075 2060 1198 2131 quae,

81 2144 208 2213 eadem
233 2142 372 2227 media,
405 2160 447 2212 ut
471 2162 785 2237 promoveantur,
820 2146 1035 2239 requirunt;
1060 2159 1169 2232 atque

80 2244 175 2315 adeo
190 2244 303 2333 hujus
320 2235 479 2314 Conciiii
498 2246 681 2316 maximae
705 2245 802 2339 parti
821 2246 913 2315 circa
930 2268 986 2313 res
1004 2262 1164 2319 commu·

82 2370 150 2417 nes
178 2362 213 2417 et
246 2348 346 2441 pacis
371 2363 466 2417 artes
499 2370 573 2416 una
605 2349 825 2439 plerumque
864 2346 1063 2441 eademque
1098 2341 1168 2411 erit

81 2470 214 2530 mens;
240 2470 346 2531 nam,
373 2462 415 2516 ut
438 2457 514 2524 Art.
532 2461 565 2545 4.
593 2446 702 2536 hujus
720 2448 809 2541 Cap.
836 2448 1017 2529 diximus,
1050 2464 1163 2513 unus·

83 2548 239 2642 quisquc
255 2550 406 2619 alterius
429 2548 573 2619 causam
598 2566 749 2619 eatenus
774 2548 959 2634 defendit,
985 2560 1165 2641 quotenus

83 2674 128 2722 eo
142 2648 226 2744 ipso
244 2672 322 2720 rem
339 2646 620 2723 fuanr'stabilire
640 2648 765 2724 credit.
1158 2656 1166 2679 '¹

182 2823 298 2907 §.tx
352 2819 462 2914 Quod
485 2844 594 2893 nemo
618 2844 783 2915 unquam
810 2818 850 2889 in
874 2817 1039 2888 animum
1055 2813 1148 2888 indu
1246 2872 1248 2877 .
1325 2889 1331 2902 ⁸

83 2936 143 2990 oet
157 2918 228 2991 boo
242 2923 452 2989 Concilium
472 2923 698 2993 muneribus
720 2932 973 3015 corrumpere,
1008 2918 1166 2991 dubim.

83 3045 163 3091 non
187 3018 316 3113 potest.
370 3022 531 3093 sienim
558 3022 692 3117 aliquis
721 3048 766 3092 ex
788 3039 862 3091 tana
889 3026 1026 3115 niagno
1052 3019 1151 3089 homi

84 3146 176 3191 num
193 3148 349 3190 numero
376 3146 516 3211 unum,
539 3141 606 3195 tut
625 3124 784 3194 alterum
803 3121 896 3192 adse
920 3123 1059 3205 trabat,
1083 3120 1156 3189 san·

83 3220 183 3293 nibil
212 3224 469 3318 promovebit:
512 3238 620 3311 nom,
663 3226 720 3295 uti
753 3224 935 3309 diximus,
976 3218 1164 3303 sententia,

84 3348 180 3418 quae
197 3324 243 3395 ad
260 3322 447 3395 summum
464 3342 616 3410 centum
632 3327 679 3397 ad
696 3327 892 3397 minimum
904 3319 1071 3422 suffragia
1088 3346 1164 3393 non

81 3424 273 3512 habuerit,
304 3426 410 3497 irrita
428 3422 490 3499 est.

184 3596 220 3683 §0
237 3601 289 3677 X.
314 3596 422 3692 Quod
439 3612 623 3691 praeterea
640 3592 920 3685 hujrrs'Concilii
940 3592 1045 3663 semei
1064 3585 1163 3661 stabi·

80 3694 144 3769 titi
161 3698 326 3767 membra
343 3696 389 3767 ad
405 3700 591 3769 minorem
611 3722 813 3769 numerum
835 3694 950 3791 redigi
969 3720 1047 3764 non
1064 3712 1170 3790 pote·¹

82 3816 194 3885 runt,
222 3795 332 3870 facile
350 3798 580 3885 videbimus,
604 3796 630 3871 fi
652 3798 851 3869 bominum
871 3820 1092 3866 communes
1115 3789 1166 3864 af·-

82 3896 200 3969 feotus
230 3897 512 3972 confideremus.
564 3906 703 3973 Omnes
736 3899 837 3969 enim
863 3899 982 3989 gloria
1009 3896 1169 3967 maxime

84 3998 275 4071 ducuntur
289 4016 329 4071 et
344 4001 471 4074 nulius
493 3996 560 4088 est,
590 4002 657 4098 qui
674 4001 763 4073 seno
784 4022 940 4093 corpote
965 3998 1080 4085 vivit,
1104 3996 1168 4093 qut

82 4120 162 4173 non
181 4100 299 4197 speret
310 4103 350 4172 in
371 4100 528 4199 longam
549 4103 775 4174 senectutem
793 4102 909 4171 vitam
926 4094 1077 4169 trabere.
1132 4099 1169 4169 Si

82 4201 207 4299 itaque
224 4203 408 4277 celestium
434 4193 774 4299 ineamuseorum,
797 4202 862 4298 qui
885 4194 1008 4273 revera
1027 4224 1170 4314 annum

1060 4326 1152 4398 qum
